3414 5796
399 529 500 630 alls
855 557 1081 628 nsntncsn

399 763 462 846 lus
478 783 648 875 negaret·
669 791 743 846 nse
760 765 903 846 bellum
922 763 1235 873 compositurnm,
1255 767 1329 846 nisi
1350 763 1417 844 ille
1432 789 1521 846 cnm

400 889 489 978 auis,
516 890 583 991 qui
602 892 763 993 Erycem
781 899 997 978 tenuerant,
1025 884 1139 978 armis
1151 885 1305 978 relictis,
1317 883 1442 962 Sicilia
1455 885 1522 962 de·

400 1004 600 1098 cederent3
628 1005 899 1110 succumbente
924 1001 1071 1108 patria,
1105 1003 1208 1108 ipse,
1238 1004 1455 1108 periturum
1482 1016 1523 1082 se

399 1123 536 1226 potins,
564 1123 717 1214 dixerit,
739 1149 852 1226 qnam
873 1147 959 1196 curn
985 1130 1091 1196 tanto
1110 1119 1255 1224 flagitio
1272 1120 1425 1197 domum
1453 1139 1521 1198 re-'

400 1239 520 1316 dirett
537 1265 616 1313 non
642 1241 744 1314 enim
766 1263 856 1313 suae
882 1261 961 1313 esse
977 1239 1140 1332 virtutis,
1156 1263 1270 1328 arma,
1291 1239 1446 1346 apatria
1459 1265 1521 1314 ac·

402 1369 513 1458 cepte
540 1354 720 1431 adversus
734 1355 871 1445 hostes,
885 1351 1106 1430 adversariis
1120 1353 1278 1427 tradere.
1291 1353 1412 1428 Huius
1425 1377 1517 1458 per-

401 1470 563 1545 tinaciae
588 1471 699 1546 cessit
724 1469 889 1545 Catulus,

450 1587 496 1660 ll.
524 1587 574 1665 ht
593 1585 668 1678 ille,
694 1595 740 1664 ut
763 1587 1027 1690 Carthaginem
1045 1583 1161 1675 venit,
1188 1581 1310 1658 multo
1335 1580 1523 1673 olitanae

404 1704 592 1808 sperabat,
618 1703 890 1810 rempublicam
917 1729 956 1780 sc
975 1703 1175 1780 habentem
1190 1703 1389 1806 cognorit:
1407 1729 1518 1779 nam·

400 1845 477 1928 qne
501 1823 751 1900 diuturnitate
775 1825 927 1898 externi
959 1821 1049 1898 mall
1086 1825 1234 1896 tantum
1260 1821 1398 1896 exarsit
1423 1823 1522 1898 inte-

401 1937 541 2014 stinum
566 1939 728 2028 bellurn,
756 1948 832 2014 ⁴ut
871 1961 1068 2039 nunquam
1099 1939 1181 2046 pari
1206 1935 1378 2043 periculo
1403 1935 1524 2016 inerit

400 2053 613 2160 Carthago,
647 2059 719 2134 nisi
747 2079 866 2160 quum
893 2055 1019 2132 deleta
1045 2069 1113 2132 est.
1145 2055 1273 2133 Primo
1299 2057 1521 2133 mercenarii

402 2169 552 2264 milites,
568 2175 637 2278 qni
663 2173 838 2252 adversus
856 2177 1049 2250 Romanos
1074 2173 1240 2264 inerant,
1260 2171 1521 2251 desciverunt:

403 2311 569 2392 quorum
595 2315 777 2366 numerus
796 2305 879 2366 erat
897 2291 1030 2396 viginti
1047 2287 1220 2366 millium.
1237 2289 1293 2362 lli‘
1306 2303 1419 2364 totam
1435 2289 1521 2366 aba·

398 2402 594 2484 lienerunt
603 2409 781 2499 Africam,
800 2411 816 2460 ²
834 2410 952 2513 ipsam
960 2407 1224 2508 Carthaginem
1237 2425 1521 2512 oppugnarunt.

402 2525 549 2620 Quibus
577 2528 679 2604 malis
698 2525 794 2602 adeo
805 2542 895 2602 eunt
910 2523 1028 2600 Poeni
1047 2525 1255 2627 perterriti,
1268 2537 1313 2598 ut
1327 2525 1441 2600 ctiam
1458 2553 1519 2602 an·

400 2640 492 2718 xilia
519 2673 541 2718 a
570 2647 746 2722 Romanis
771 2643 997 2750 petiverint,
1021 2639 1143 2744 eaque
1170 2641 1421 2744 impetrarint.
1445 2641 1518 2722 Sed

401 2753 581 2852 extremo,
598 2767 613 2816 ³
631 2791 750 2867 quum
775 2787 896 2866 prope
922 2761 997 2834 iam
1025 2759 1072 2834 ad
1098 2755 1402 2864 desperationem
1429 2789 1520 2868 per·
1552 2761 1556 2771 '

325 2925 336 2950 .
397 2881 603 2971 'venissent
629 2879 877 2956 Hamilcarem
904 2880 1168 2978 imperatorem
1183 2877 1368 2956 iecerunt.
1393 2881 1429 2958 Is
1447 2907 1525 2959 non

404 2993 527 3072 solnm
550 2997 675 3074 hostes
701 3025 723 3072 a
743 2999 859 3072 muris
872 2995 1108 3098 Carthaginis
1128 2997 1298 3089 removit,
1318 3003 1526 3101 quomam·

402 3103 669 3216 pliuseeutum
683 3109 1305 3202 milliafactaessentarmatorum3
1330 3107 1524 3186 sedetiam

403 3250 448 3302 eo
475 3225 671 3331 compulit,
683 3244 729 3305 ut
738 3227 912 3304 locorum
929 3228 1112 3332 angustiis
1126 3227 1255 3316 clausi,
1267 3223 1394 3328 plures
1406 3221 1521 3318 fame,

403 3347 514 3446 quam
539 3341 669 3438 ferro,
695 3347 896 3422 interirent
904 3373 917 3438 ς
934 3347 951 3397 ⁴
969 3345 1095 3422 omnia
1121 3343 1261 3452 oppida
1286 3337 1524 3438 abalienata,

396 3577 398 3587 ’
435 3591 478 3663 (Ι)
494 3589 603 3648 Pinetum
616 3597 713 3647 exarsit
724 3593 865 3646 intestirntm
882 3590 938 3645 tet·
988 3589 1108 3666 guribus,
1123 3585 1297 3655 noualibus,
1313 3587 1401 3656 Altis,
1415 3585 1526 3644 mullis·

402 3677 583 3734 tranliuinace
600 3675 783 3732 bathemam
800 3687 875 3750 atque
888 3694 938 3730 au·
991 3695 1040 3748 qne
1057 3675 1112 3730 aliie
1125 3671 1249 3730 conflatus
1265 3671 1322 3731 suit.

333 3826 336 3834 ι
403 3771 486 3816 morae
500 3771 586 3816 narrat
603 3759 737 3834 Polybius.
1021 3761 1256 3836 (l)Plnretsame.
1269 3779 1345 3832 quam
1357 3759 1439 3836 ferro,
1452 3765 1527 3818 tuter-

438 3845 482 3916 (2)
508 3845 602 3899 Totam
617 3847 789 3900 moliendum!
810 3843 937 3918 Africam.
989 3851 1062 3901 irent.
1084 3845 1174 3913 Adeo,
1198 3854 1227 3900 ut
1243 3847 1340 3900 occisos
1363 3843 1392 3898 in
1409 3843 1527 3918 praelio,

403 3931 433 3982 ld
450 3937 497 3994 est,
511 3927 543 3984 ad
557 3928 732 3984 desectionem
749 3925 919 4000 impulerunt.
988 3939 1084 4000 captos,
1098 3940 1125 3983 et
1135 3948 1234 3994 meros,
1248 3947 1278 3982 ac
1289 3927 1404 4002 denique
1415 3947 1443 3982 sc
1457 3925 1527 3980 iovi-

437 4017 480 4082 (3)
499 4013 812 4070 &destrimentum
826 4033 873 4086 per
890 4013 938 4070 ali·
988 4030 1046 4066 cern
1067 4011 1228 4066 devorarent.
1253 4013 1344 4066 Teates
1366 4007 1487 4082 Polybius
1500 4009 1526 4072 l,

404 4107 561 4170 quotam
574 4097 689 4170 grauiter
702 4097 735 4152 ab
757 4099 813 4155 istie
835 4117 938 4154 meree·
989 4098 1031 4160 at,
1045 4097 1087 4159 853
1099 4093 1267 4164 Porphyrius,
1281 4091 1314 4147 de
1326 4091 1477 4150 abstinentia
1491 4093 1532 4156 11.

390 4183 871 4256 merlismntafllictletinangnstias
883 4203 939 4238 cos·
989 4187 1033 4236 57.
1059 4179 1139 4236 Addit
1163 4188 1250 4236 tamen
1272 4181 1416 4254 Polybius,
1440 4187 1531 4253 posteat

405 4267 523 4324 ettvtda
536 4267 630 4340 Polyb.
648 4271 705 4340 lpse
722 4287 785 4324 vero
801 4283 938 4322 mercena-
988 4265 1074 4338 plnres
1108 4265 1155 4320 XL
1185 4265 1303 4322 millibus
1330 4266 1469 4322 trucidatos
1494 4265 1530 4320 ab

404 4352 505 4404 riorum
521 4354 569 4405 ista
593 4357 717 4407 exercitus
739 4372 770 4406 ex
792 4353 870 4406 variis
886 4369 938 4422 po·
988 4350 1100 4405 exercitu
1108 4347 1261 4408 Hamilcaris
1273 4361 1299 4408 et
1311 4350 1464 4424 elephantia.
1474 4351 1531 4406 tto-

404 4432 488 4509 pulis,
506 4434 588 4493 Gallia
605 4435 712 4500 scilieet,
731 4435 866 4508 Hisponis,
890 4433 934 4488 Li·
987 4451 1048 4494 atvs.
