3528 5780
562 527 743 590 arrrcvs
851 521 853 528 '
1109 503 1203 623 ,341

146 727 232 810 XX.
260 732 438 825 Quamvis
477 747 566 808 ante
596 728 692 810 haec
719 735 917 839 sponsalia,
939 741 949 784 ⁴
971 763 1049 812 non
1071 739 1215 834 solum,

97 876 217 953 quum
235 847 283 921 ab
300 845 394 922 urbe
420 845 574 940 abesset,
602 876 798 951 nunquam
826 851 873 928 ad
899 879 1053 930 suorum
1075 882 1211 957 quem.
1254 891 1257 896 -
1376 847 1383 867 ⁸

96 992 211 1069 quam
228 961 371 1040 litteras
385 966 493 1048 misit,
512 969 605 1068 quin
620 967 743 1072 Attico
766 972 941 1062 mitteret,
961 970 1054 1072 quid
1074 991 1216 1074 ageret,

95 1083 137 1158 iu
162 1079 293 1184 primis
320 1077 414 1182 quid
435 1079 592 1184 legeret,
619 1083 757 1182 quibus
778 1087 818 1159 in
843 1084 951 1179 locis,
977 1104 1015 1162 et
1035 1089 1216 1189 quamdiu

98 1215 193 1274 esset
212 1213 450 1286 moraturus;
481 1195 546 1272 sed
570 1196 704 1289 etiarn,
731 1226 848 1300 quum
878 1219 974 1276 esset
990 1204 1030 1276 in
1053 1203 1161 1298 urbe,
1178 1223 1217 1280 et

96 1331 263 1419 propter
274 1339 357 1390 suas
376 1310 539 1390 infinitas
550 1317 819 1418 occupationes
831 1319 950 1391 minus
964 1343 1086 1422 saepe,
1100 1349 1215 1424 quam

95 1430 219 1522 vellet,
238 1431 362 1506 Attico
380 1427 587 1519 frueretur,
601 1427 729 1504 nullus
750 1428 829 1505 dies
849 1448 977 1506 tamen
998 1421 1139 1508 teinere
1158 1438 1215 1508 in·

95 1545 278 1638 tercessit,
294 1539 373 1648 quo'
391 1569 470 1618 uon
489 1543 535 1619 ad
556 1571 641 1620 eum
665 1543 868 1622 scriberetz
885 1575 1002 1653 quum
1019 1548 1130 1624 modo
1149 1550 1217 1624 ali·

97 1661 193 1766 quid
211 1660 260 1738 de
278 1664 504 1765 antiquitate
524 1659 570 1734 ab
588 1688 633 1739 eo
654 1665 883 1764 requirerem
918 1663 1030 1753 modo
1048 1664 1218 1766 aliquam

97 1781 132 1856 ei
153 1781 411 1881 quaestionem
424 1777 606 1878 poeticam
617 1795 862 1882 proponeret;
879 1777 1071 1854 interdum
1086 1781 1216 1862 iocans

99 1897 179 1972 eius
205 1894 442 1994 verbosiores
476 1891 631 1970 eliceret
660 1893 847 1998 epistolas.
874 1895 930 1970 Ex
951 1922 1030 1997 quo
1057 1894 1218 1984 accidit,

99 2035 219 2114 quum
240 2007 342 2088 aedis
362 2009 457 2084 lovis
484 2009 666 2101 Feretrii,
684 2012 700 2060 ²
718 2012 758 2085 in
777 2008 963 2114 Capitolio
981 2012 1027 2084 ab
1055 2009 1219 2085 Romulo
1286 2087 1289 2111 ‚

100 2127 315 2216 constituta,
337 2140 521 2198 vetustate
541 2140 654 2227 atque
673 2128 816 2202 incuria
839 2125 986 2202 detecta
1002 2127 1221 2232 prolabere-

102 2262 179 2341 tur,
207 2260 264 2338 ut,
283 2244 395 2318 Attici
415 2241 622 2334 admonitu,
648 2241 882 2320 Caesaream
902 2243 1139 2320 reficiendam
1154 2269 1221 2320 cu·

102 2376 219 2440 roret.
237 2363 372 2464 Neque
383 2385 474 2436 vero
493 2362 611 2438 ab'M.
624 2347 791 2439 Antonio
802 2361 1067 2440 minusabscns
1084 2361 1219 2438 litteris
1311 2357 1315 2364 ⁴

136 2691 180 2760 (l)
197 2687 342 2760 Sponsnlia.
364 2689 515 2742 Futrsrarum
540 2687 638 2742 scilieet
687 2689 720 2742 ab
736 2689 850 2746 Romulo.
864 2691 920 2758 Qun
937 2687 1085 2759 derepere
1094 2690 1158 2764 pliis
1175 2691 1220 2742 in·

101 2775 250 2843 nuptiarum
278 2771 486 2842 proiissionem.
514 2772 637 2838 Gallice,
685 2772 794 2844 signiter
806 2771 903 2836 Livius,
914 2770 932 2826 l.
943 2775 1146 2838 cnsltornulns.
1157 2773 1222 2826 (luce

97 2858 297 2932 simpatia-
322 2855 392 2926 Quin
414 2857 501 2910 Attico
517 2861 636 2910 mitteret.
685 2855 798 2910 hostiurn
816 2855 1111 2926 contemnebantur
1124 2859 1222 2930 impetu

102 2938 371 3003 tiliamentumque
383 2939 474 3010 quibus
490 2940 638 3002 nuntiabat,
686 2937 763 3010 cepit,
790 2937 851 2991 intle
876 2939 991 2992 exercitu
1015 2939 1110 2994 victore
1125 2941 1220 3001 ducto,

101 3025 164 3096 quid
181 3035 275 3097 speret,
291 3035 342 3078 ete.
355 3026 393 3078 tu
406 3009 499 3079 Graeci
518 3024 640 3079 absolute
687 3025 752 3096 ipse,
763 3041 845 3096 quarn
858 3024 933 3077 sectis
946 3024 1153 3096 virmrgnificns‚
1165 3037 1223 3081 turn

101 3108 254 3164 δπιστίλλιιν
267 3117 396 3178 usurpent.
410 3137 442 3148 -
455 3109 546 3161 Attico
560 3109 638 3178 sme-
687 3109 814 3167 lectonam
827 3117 968 3162 ostentator
981 3107 1048 3161 haud
1061 3111 1158 3174 minor,
1167 3129 1224 3180 spo·

106 3207 183 3248 retur.
200 3193 279 3247 Attici
295 3190 349 3244 scil.
367 3191 508 3262 praesentia
520 3201 546 3244 et
558 3189 638 3267 collo·
687 3189 720 3243 lla
731 3189 804 3247 ducis
816 3191 931 3244 hostiurn
948 3193 1016 3244 caesi
1031 3209 1162 3262 suspensa,
1181 3192 1222 3244 l's·

102 3279 182 3350 quiis.
195 3307 229 3320 -
251 3275 355 3328 Temere
378 3279 521 3328 intercessit.
538 3275 567 3328 ld
584 3283 639 3340 est,
686 3273 788 3334 briceio
804 3275 838 3326 sd
856 3274 882 3325 id
897 3286 954 3345 apte
970 3275 1068 3328 feretro
1083 3293 1186 3346 gerens,
1196 3273 1225 3328 iu

103 3359 178 3416 facile
192 3361 372 3432 praeteriit-
384 3359 500 3412 Eliceret
512 3359 639 3429 epistolas.
688 3358 844 3430 Capitolium
859 3361 982 3425 amendia
995 3361 1083 3431 ibique
1096 3379 1177 3430 qaum
1196 3377 1227 3413 ea

104 3444 246 3500 Occasione
273 3440 434 3514 suppeditata
464 3440 641 3507 rescribendi,
689 3445 858 3514 edqnercnrn
874 3445 1017 3515 pastoribus
1029 3464 1127 3498 sacrsrn
1141 3445 1226 3514 tlepo-

105 3529 205 3584 litteras
218 3530 242 3582 ei
259 3537 422 3597 extorqueret
435 3527 593 3599 prolixiores.
691 3529 791 3593 suisset,
809 3528 887 3582 notul
906 3547 966 3582 cnm
991 3530 1060 3582 slono
1080 3529 1226 3598 designavit

139 3614 183 3682 (Ι)
196 3612 265 3665 Iovis
278 3612 394 3668 Feretrii.
417 3611 515 3681 Iupiter
533 3611 569 3662 its
592 3628 639 3662 ro·
690 3608 789 3680 templo
802 3611 867 3663 lovis
879 3609 955 3673 flues,
973 3625 1167 3678 cognomenque
1181 3605 1226 3657 nt·

107 3696 283 3766 gnominatus,
298 3695 366 3768 quosl
376 3693 562 3768 armnetspolip
573 3693 640 3748 hosti
690 3691 760 3744 didit
773 3695 838 3744 Deo.
868 3693 984 3763 niupiter
1001 3693 1111 3753 Feretri,
1124 3690 1228 3760 inquit,
1247 3753 1252 3762 ι

106 3777 190 3831 ablata
211 3775 312 3830 ineius
335 3777 464 3848 templum
490 3779 597 3838 ferrent,
614 3785 641 3828 et
690 3774 754 3826 haec
774 3775 824 3826 tibi
846 3774 932 3826 victor
947 3775 1072 3826 Romulus
1091 3791 1133 3824 res
1159 3772 1228 3842 segia

107 3863 165 3917 istic
178 3875 366 3930 consternauit
383 3862 427 3918 rel
440 3881 454 3916 a
466 3861 578 3935 serendo
591 3878 641 3932 pa·
690 3875 762 3910 erma
780 3856 844 3916 lero.
859 3857 1038 3928 templumque
1049 3857 1081 3909 sle
1096 3855 1136 3910 his
1146 3855 1228 3927 reqio-

106 3965 175 4010 eem,
188 3965 267 4017 quum
281 3965 311 4001 ex
324 3947 378 4002 elus
396 3945 495 4017 templo
511 3949 641 3997 sumerent
692 3940 784 4006 nibus,
811 3956 873 4008 quas
899 3939 978 3993 morlo
1002 3940 1090 3992 animo
1117 3948 1231 3991 metatus

107 4041 249 4102 sceptrum,
268 4051 316 4104 per
328 4031 398 4104 quod
412 4033 505 4096 intrare,
524 4038 552 4083 et
573 4027 642 4098 lapi·
692 4044 761 4091 sum,
776 4023 880 4087 dedico,
904 4023 992 4077 sedern
1009 4024 1105 4095 opimis
1122 4023 1229 4094 spoliis,

108 4116 172 4169 clem
187 4116 297 4181 silicem,
312 4135 364 4188 quo
378 4115 456 4170 ferire
472 4113 561 4168 foedus
573 4109 645 4166 sole·
693 4123 754 4180 qno,
766 4107 1043 4178 regibus,ducibusqne
1051 4105 1163 4160 hortium
1174 4109 1239 4159 cse·‘

108 4197 229 4254 meane
242 4199 531 4270 quo,etcsusaconsliti
544 4195 647 4268 templi,
693 4197 737 4255 sis.
754 4209 798 4246 rne
815 4199 945 4246 auctorem
973 4202 1110 4264 sequentes
1136 4191 1231 4264 posteri

111 4278 171 4332 virle
187 4281 294 4335 Livium
311 4287 333 4344 Ι,
362 4285 409 4350 ⁴⁰5
432 4281 541 4335 Florum
565 4283 589 4345 1,
613 4287 622 4330 Ι
634 4301 645 4345 5
694 4282 808 4336 serenos
832 4310 866 4324 -
887 4279 1000 4334 Detecto.
1030 4283 1110 4334 Tetto
1133 4278 1233 4332 seilicet

112 4360 190 4424 ,llaler
201 4361 271 4420 Max.
290 4365 336 4433 ΙΙΙ,
354 4371 380 4434 2,
398 4372 422 4418 3.
432 4393 466 4408 ·-
478 4365 512 4417 ln
523 4364 646 4435 capitolio
695 4363 836 4418 edmoslurn
850 4371 979 4432 corrupto.
