<?xml version="1.0" encoding="UTF-8"?>
<!DOCTYPE html PUBLIC "-//W3C//DTD XHTML 1.0 Transitional//EN"
    "http://www.w3.org/TR/xhtml1/DTD/xhtml1-transitional.dtd">
<html xmlns="http://www.w3.org/1999/xhtml" xml:lang="en" lang="en">
 <head>
  <title>
</title>
<meta http-equiv="Content-Type" content="text/html;charset=utf-8" />
  <meta name='ocr-system' content='tesseract 3.04.00' />
  <meta name='ocr-capabilities' content='ocr_page ocr_carea ocr_par ocr_line ocrx_word'/>
</head>
<body>
  <div class='ocr_page' id='page_1' title='image "./corneliinepotis13nepogoog_0035.png"; bbox 0 0 3660 5740; ppageno 0'>
   <div class='ocr_carea' id='block_1_1' title="bbox 459 415 1270 524">
    <p class='ocr_par' dir='ltr' id='par_1_1' title="bbox 459 415 1270 524">
     <span class='ocr_line' id='line_1_1' title="bbox 459 415 1270 524; baseline -0.005 -12"><span class='ocrx_word' id='word_1_1' title='bbox 459 415 524 524; x_wconf 73' lang='lat'><strong>32</strong></span> <span class='ocrx_word' id='word_1_2' title='bbox 627 426 628 444; x_wconf 55' lang='lat'>¹</span> <span class='ocrx_word' id='word_1_3' title='bbox 791 441 979 508; x_wconf 78' lang='lat' dir='ltr'><strong>norisn-</strong></span> <span class='ocrx_word' id='word_1_4' title='bbox 1012 441 1270 510; x_wconf 80' lang='lat' dir='ltr'><strong>crrrnmmt</strong></span> 
     </span>
    </p>
   </div>
   <div class='ocr_carea' id='block_1_2' title="bbox 444 608 1722 756">
    <p class='ocr_par' dir='ltr' id='par_1_2' title="bbox 444 608 1722 756">
     <span class='ocr_line' id='line_1_2' title="bbox 444 608 1722 756; baseline -0.005 -24"><span class='ocrx_word' id='word_1_5' title='bbox 444 643 825 756; x_wconf 65' lang='lat' dir='ltr'><strong>aoptoaprffaaa</strong></span> <span class='ocrx_word' id='word_1_6' title='bbox 847 649 895 726; x_wconf 71' lang='lat' dir='ltr'><strong>a</strong></span> <span class='ocrx_word' id='word_1_7' title='bbox 921 608 1113 728; x_wconf 64' lang='lat' dir='ltr'><strong>onerata</strong></span> <span class='ocrx_word' id='word_1_8' title='bbox 1127 653 1267 740; x_wconf 57' lang='lat' dir='ltr'><strong>raam</strong></span> <span class='ocrx_word' id='word_1_9' title='bbox 1291 646 1471 726; x_wconf 69' lang='lat' dir='ltr'><strong>omrem</strong></span> <span class='ocrx_word' id='word_1_10' title='bbox 1491 645 1587 726; x_wconf 75' lang='lat' dir='ltr'><strong>oal-</strong></span> <span class='ocrx_word' id='word_1_11' title='bbox 1721 639 1722 650; x_wconf 66' lang='lat'>‘</span> 
     </span>
    </p>
   </div>
   <div class='ocr_carea' id='block_1_3' title="bbox 451 739 1722 871">
    <p class='ocr_par' dir='ltr' id='par_1_3' title="bbox 451 739 1722 871">
     <span class='ocr_line' id='line_1_3' title="bbox 451 739 1722 871; baseline 0.001 -32"><span class='ocrx_word' id='word_1_12' title='bbox 451 768 843 871; x_wconf 28' lang='lat' dir='ltr'><strong>¹lica,*pirosarecternt</strong></span> <span class='ocrx_word' id='word_1_13' title='bbox 859 768 988 846; x_wconf 88' lang='lat' dir='ltr'><strong>seculo</strong></span> <span class='ocrx_word' id='word_1_14' title='bbox 1015 771 1088 846; x_wconf 85' lang='lat' dir='ltr'><strong>iam</strong></span> <span class='ocrx_word' id='word_1_15' title='bbox 1114 765 1390 844; x_wconf 63' lang='lat' dir='ltr'><strong>tertiodecimo</strong></span> <span class='ocrx_word' id='word_1_16' title='bbox 1400 765 1586 849; x_wconf 82' lang='lat' dir='ltr'><strong>Gotofre-</strong></span> <span class='ocrx_word' id='word_1_17' title='bbox 1702 739 1722 764; x_wconf 23' lang='grc' dir='ltr'><strong>’Ν</strong></span> 
     </span>
    </p>
   </div>
   <div class='ocr_carea' id='block_1_4' title="bbox 457 883 1586 994">
    <p class='ocr_par' dir='ltr' id='par_1_4' title="bbox 457 883 1586 994">
     <span class='ocr_line' id='line_1_4' title="bbox 457 883 1586 994; baseline -0.005 -26"><span class='ocrx_word' id='word_1_18' title='bbox 457 887 538 968; x_wconf 84' lang='lat' dir='ltr'><strong>dus·</strong></span> <span class='ocrx_word' id='word_1_19' title='bbox 557 885 606 964; x_wconf 88' lang='lat' dir='ltr'><strong>de</strong></span> <span class='ocrx_word' id='word_1_20' title='bbox 622 884 1128 994; x_wconf 67' lang='lat' dir='ltr'><strong>Waterfordia,Jlibernns,</strong></span> <span class='ocrx_word' id='word_1_21' title='bbox 1145 883 1237 960; x_wconf 87' lang='lat' dir='ltr'><strong>Ord.</strong></span> <span class='ocrx_word' id='word_1_22' title='bbox 1257 884 1586 964; x_wconf 84' lang='lat' dir='ltr'><strong>Praedicatorum.</strong></span> 
     </span>
    </p>
   </div>
   <div class='ocr_carea' id='block_1_5' title="bbox 409 1003 1722 1228">
    <p class='ocr_par' dir='ltr' id='par_1_5' title="bbox 409 1003 1722 1228">
     <span class='ocr_line' id='line_1_5' title="bbox 409 1003 1722 1110; baseline -0.015 -12"><span class='ocrx_word' id='word_1_23' title='bbox 409 1065 413 1070; x_wconf 94' lang='lat'><em>·</em></span> <span class='ocrx_word' id='word_1_24' title='bbox 457 1005 557 1086; x_wconf 70' lang='lat' dir='ltr'><strong>Vide</strong></span> <span class='ocrx_word' id='word_1_25' title='bbox 575 1008 650 1084; x_wconf 70' lang='lat'><strong>1⁸⁰·</strong></span> <span class='ocrx_word' id='word_1_26' title='bbox 675 1003 911 1098; x_wconf 63' lang='lat' dir='ltr'><strong>lietardum</strong></span> <span class='ocrx_word' id='word_1_27' title='bbox 935 1007 984 1084; x_wconf 85' lang='lat' dir='ltr'><strong>de</strong></span> <span class='ocrx_word' id='word_1_28' title='bbox 1010 1003 1261 1110; x_wconf 78' lang='lat' dir='ltr'><strong>scriptoribus</strong></span> <span class='ocrx_word' id='word_1_29' title='bbox 1279 1003 1435 1084; x_wconf 82' lang='lat' dir='ltr'><strong>Ordinis</strong></span> <span class='ocrx_word' id='word_1_30' title='bbox 1452 1007 1586 1088; x_wconf 87' lang='lat' dir='ltr'><strong>Domi·</strong></span> <span class='ocrx_word' id='word_1_31' title='bbox 1721 1091 1722 1104; x_wconf 16' lang='lat' dir='ltr'><strong>p</strong></span> 
     </span>
     <span class='ocr_line' id='line_1_6' title="bbox 457 1113 1722 1228; baseline -0.012 -23"><span class='ocrx_word' id='word_1_32' title='bbox 457 1126 584 1205; x_wconf 81' lang='lat' dir='ltr'><strong>niceni</strong></span> <span class='ocrx_word' id='word_1_33' title='bbox 591 1113 656 1218; x_wconf 81' lang='lat' dir='ltr'><strong>,&#39;t.</strong></span> <span class='ocrx_word' id='word_1_34' title='bbox 681 1125 700 1198; x_wconf 95' lang='grc' dir='ltr'><strong>Ι</strong></span> <span class='ocrx_word' id='word_1_35' title='bbox 708 1179 723 1218; x_wconf 82' lang='grc'><strong><em>,</em></strong></span> <span class='ocrx_word' id='word_1_36' title='bbox 749 1153 787 1228; x_wconf 90' lang='lat' dir='ltr'><strong>p.</strong></span> <span class='ocrx_word' id='word_1_37' title='bbox 806 1121 895 1222; x_wconf 77' lang='grc'>467.</span> <span class='ocrx_word' id='word_1_38' title='bbox 920 1127 1003 1204; x_wconf 90' lang='lat' dir='ltr'><strong>Non</strong></span> <span class='ocrx_word' id='word_1_39' title='bbox 1030 1121 1308 1221; x_wconf 75' lang='lat' dir='ltr'><strong>omittendam,</strong></span> <span class='ocrx_word' id='word_1_40' title='bbox 1335 1121 1443 1228; x_wconf 86' lang='lat' dir='ltr'><strong>quod</strong></span> <span class='ocrx_word' id='word_1_41' title='bbox 1461 1125 1586 1200; x_wconf 72' lang='lat' dir='ltr'><strong>Dares</strong></span> <span class='ocrx_word' id='word_1_42' title='bbox 1721 1119 1722 1190; x_wconf 56' lang='lat' dir='ltr'><strong>i</strong></span> 
     </span>
    </p>
   </div>
   <div class='ocr_carea' id='block_1_6' title="bbox 457 1240 1722 1332">
    <p class='ocr_par' dir='ltr' id='par_1_6' title="bbox 457 1240 1722 1332">
     <span class='ocr_line' id='line_1_7' title="bbox 457 1240 1722 1332; baseline -0.005 -10"><span class='ocrx_word' id='word_1_43' title='bbox 457 1242 606 1324; x_wconf 79' lang='lat' dir='ltr'><strong>Gallico</strong></span> <span class='ocrx_word' id='word_1_44' title='bbox 618 1245 731 1326; x_wconf 77' lang='lat' dir='ltr'><strong>etiem</strong></span> <span class='ocrx_word' id='word_1_45' title='bbox 746 1251 873 1321; x_wconf 85' lang='lat' dir='ltr'><strong>metro</strong></span> <span class='ocrx_word' id='word_1_46' title='bbox 890 1242 1091 1322; x_wconf 87' lang='lat' dir='ltr'><strong>adstrictus</strong></span> <span class='ocrx_word' id='word_1_47' title='bbox 1105 1255 1228 1320; x_wconf 51' lang='lat' dir='ltr'><strong>¹exstat</strong></span> <span class='ocrx_word' id='word_1_48' title='bbox 1242 1243 1285 1318; x_wconf 91' lang='lat' dir='ltr'><strong>in</strong></span> <span class='ocrx_word' id='word_1_49' title='bbox 1301 1241 1433 1320; x_wconf 84' lang='lat' dir='ltr'><strong>codice</strong></span> <span class='ocrx_word' id='word_1_50' title='bbox 1461 1240 1587 1319; x_wconf 88' lang='lat' dir='ltr'><strong>seculi</strong></span> <span class='ocrx_word' id='word_1_51' title='bbox 1715 1325 1722 1332; x_wconf 23' lang='lat' dir='ltr'>fl</span> 
     </span>
    </p>
   </div>
   <div class='ocr_carea' id='block_1_7' title="bbox 455 1357 1586 1456">
    <p class='ocr_par' dir='ltr' id='par_1_7' title="bbox 455 1357 1586 1456">
     <span class='ocr_line' id='line_1_8' title="bbox 455 1357 1586 1456; baseline 0.001 -18"><span class='ocrx_word' id='word_1_52' title='bbox 455 1359 530 1456; x_wconf 73' lang='grc' dir='ltr'><strong>ΧΠ</strong></span> <span class='ocrx_word' id='word_1_53' title='bbox 546 1359 836 1442; x_wconf 74' lang='lat' dir='ltr'><strong>membranaceo</strong></span> <span class='ocrx_word' id='word_1_54' title='bbox 862 1358 1114 1438; x_wconf 87' lang='lat' dir='ltr'><strong>bibliothecae</strong></span> <span class='ocrx_word' id='word_1_55' title='bbox 1140 1357 1410 1436; x_wconf 73' lang='lat' dir='ltr'><strong>Ambrosianus</strong></span> <span class='ocrx_word' id='word_1_56' title='bbox 1431 1357 1586 1439; x_wconf 86' lang='lat' dir='ltr'><strong>Medio·</strong></span> 
     </span>
    </p>
   </div>
   <div class='ocr_carea' id='block_1_8' title="bbox 449 1475 1585 1571">
    <p class='ocr_par' dir='ltr' id='par_1_8' title="bbox 449 1449 1722 1571">
     <span class='ocr_line' id='line_1_9' title="bbox 449 1475 1585 1571; baseline -0.024 4"><span class='ocrx_word' id='word_1_57' title='bbox 449 1477 848 1571; x_wconf 63' lang='lat' dir='ltr'><strong>tournebvidevo</strong></span> <span class='ocrx_word' id='word_1_58' title='bbox 861 1478 1071 1556; x_wconf 88' lang='lat' dir='ltr'><strong>Bernhardi</strong></span> <span class='ocrx_word' id='word_1_59' title='bbox 1082 1477 1131 1554; x_wconf 92' lang='lat' dir='ltr'><strong>de</strong></span> <span class='ocrx_word' id='word_1_60' title='bbox 1144 1475 1398 1555; x_wconf 78' lang='lat' dir='ltr'><strong>Montfnucon</strong></span> <span class='ocrx_word' id='word_1_61' title='bbox 1406 1477 1585 1555; x_wconf 87' lang='lat' dir='ltr'><strong>Diarium</strong></span> 
     </span>
    </p>
   </div>
   <div class='ocr_carea' id='block_1_9' title="bbox 456 1587 1585 1702">
    <p class='ocr_par' dir='ltr' id='par_1_9' title="bbox 456 1587 1722 1724">
     <span class='ocr_line' id='line_1_10' title="bbox 456 1587 1585 1702; baseline 0.017 -47"><span class='ocrx_word' id='word_1_62' title='bbox 456 1595 653 1692; x_wconf 56' lang='lat' dir='ltr'><strong>Italicum,</strong></span> <span class='ocrx_word' id='word_1_63' title='bbox 678 1623 716 1700; x_wconf 89' lang='lat' dir='ltr'><strong>p.</strong></span> <span class='ocrx_word' id='word_1_64' title='bbox 740 1621 806 1695; x_wconf 88' lang='lat'><strong>19,</strong></span> <span class='ocrx_word' id='word_1_65' title='bbox 822 1587 1415 1702; x_wconf 73' lang='lat' dir='ltr'><strong>etPalaeogrcphiamGraecam²</strong></span> <span class='ocrx_word' id='word_1_66' title='bbox 1427 1623 1466 1700; x_wconf 92' lang='lat' dir='ltr'><strong>p.</strong></span> <span class='ocrx_word' id='word_1_67' title='bbox 1492 1593 1585 1686; x_wconf 76' lang='lat'>138,</span> 
     </span>
    </p>
   </div>
   <div class='ocr_carea' id='block_1_10' title="bbox 340 1712 1582 1820">
    <p class='ocr_par' dir='ltr' id='par_1_10' title="bbox 340 1712 1582 1820">
     <span class='ocr_line' id='line_1_11' title="bbox 340 1712 1582 1820; baseline 0 -27"><span class='ocrx_word' id='word_1_68' title='bbox 340 1746 344 1753; x_wconf 92' lang='lat'>·</span> <span class='ocrx_word' id='word_1_69' title='bbox 458 1713 528 1793; x_wconf 88' lang='lat' dir='ltr'><strong>ubi</strong></span> <span class='ocrx_word' id='word_1_70' title='bbox 543 1713 658 1790; x_wconf 87' lang='lat' dir='ltr'><strong>habes</strong></span> <span class='ocrx_word' id='word_1_71' title='bbox 674 1739 803 1794; x_wconf 87' lang='lat' dir='ltr'><strong>versus</strong></span> <span class='ocrx_word' id='word_1_72' title='bbox 821 1712 1003 1815; x_wconf 85' lang='lat' dir='ltr'><strong>quosdam</strong></span> <span class='ocrx_word' id='word_1_73' title='bbox 1017 1715 1249 1820; x_wconf 87' lang='lat' dir='ltr'><strong>Metapbrasi</strong></span> <span class='ocrx_word' id='word_1_74' title='bbox 1269 1713 1326 1790; x_wconf 90' lang='lat' dir='ltr'><strong>illi</strong></span> <span class='ocrx_word' id='word_1_75' title='bbox 1343 1715 1582 1820; x_wconf 84' lang='lat' dir='ltr'><strong>praemissos.</strong></span> 
     </span>
    </p>
   </div>
   <div class='ocr_carea' id='block_1_11' title="bbox 458 1827 1586 2172">
    <p class='ocr_par' dir='ltr' id='par_1_11' title="bbox 458 1827 1586 2172">
     <span class='ocr_line' id='line_1_12' title="bbox 458 1827 1586 1946; baseline -0.003 -36"><span class='ocrx_word' id='word_1_76' title='bbox 458 1829 699 1910; x_wconf 80' lang='lat' dir='ltr'><strong>Conferendn</strong></span> <span class='ocrx_word' id='word_1_77' title='bbox 711 1827 842 1918; x_wconf 82' lang='lat' dir='ltr'><strong>itid&#39;em</strong></span> <span class='ocrx_word' id='word_1_78' title='bbox 858 1832 1023 1936; x_wconf 67' lang='lat' dir='ltr'><strong>Historia</strong></span> <span class='ocrx_word' id='word_1_79' title='bbox 1037 1833 1205 1946; x_wconf 78' lang='lat' dir='ltr'><strong>Troiana</strong></span> <span class='ocrx_word' id='word_1_80' title='bbox 1217 1835 1357 1934; x_wconf 89' lang='lat' dir='ltr'><strong>scripta</strong></span> <span class='ocrx_word' id='word_1_81' title='bbox 1369 1860 1390 1906; x_wconf 93' lang='lat' dir='ltr'><strong>a</strong></span> <span class='ocrx_word' id='word_1_82' title='bbox 1402 1833 1586 1910; x_wconf 85' lang='lat' dir='ltr'><strong>Guidone</strong></span> 
     </span>
     <span class='ocr_line' id='line_1_13' title="bbox 459 1945 1585 2053; baseline -0.001 -28"><span class='ocrx_word' id='word_1_83' title='bbox 459 1949 508 2026; x_wconf 87' lang='lat' dir='ltr'><strong>de</strong></span> <span class='ocrx_word' id='word_1_84' title='bbox 523 1945 712 2028; x_wconf 87' lang='lat' dir='ltr'><strong>Columna</strong></span> <span class='ocrx_word' id='word_1_85' title='bbox 725 1948 976 2041; x_wconf 83' lang='lat' dir='ltr'><strong>Messanensi,</strong></span> <span class='ocrx_word' id='word_1_86' title='bbox 1004 1978 1036 2025; x_wconf 89' lang='lat' dir='ltr'><strong>a.</strong></span> <span class='ocrx_word' id='word_1_87' title='bbox 1064 1952 1107 2024; x_wconf 85' lang='lat' dir='ltr'><strong>V.</strong></span> <span class='ocrx_word' id='word_1_88' title='bbox 1129 1951 1168 2024; x_wconf 90' lang='lat' dir='ltr'><strong>C.</strong></span> <span class='ocrx_word' id='word_1_89' title='bbox 1193 1950 1303 2053; x_wconf 79' lang='lat'>1289,</span> <span class='ocrx_word' id='word_1_90' title='bbox 1331 1966 1449 2052; x_wconf 87' lang='lat' dir='ltr'><strong>atque</strong></span> <span class='ocrx_word' id='word_1_91' title='bbox 1477 1949 1585 2025; x_wconf 84' lang='lat' dir='ltr'><strong>edita</strong></span> 
     </span>
     <span class='ocr_line' id='line_1_14' title="bbox 460 2063 1584 2172; baseline -0.004 -28"><span class='ocrx_word' id='word_1_92' title='bbox 460 2068 690 2172; x_wconf 78' lang='lat' dir='ltr'><strong>Argentinae</strong></span> <span class='ocrx_word' id='word_1_93' title='bbox 740 2064 837 2161; x_wconf 71' lang='lat'><strong>1486</strong></span> <span class='ocrx_word' id='word_1_94' title='bbox 869 2072 908 2144; x_wconf 88' lang='lat' dir='ltr'><strong>ct</strong></span> <span class='ocrx_word' id='word_1_95' title='bbox 943 2064 1044 2168; x_wconf 75' lang='grc'>1489</span> <span class='ocrx_word' id='word_1_96' title='bbox 1082 2065 1145 2143; x_wconf 83' lang='lat' dir='ltr'><strong>fot.</strong></span> <span class='ocrx_word' id='word_1_97' title='bbox 1175 2069 1347 2168; x_wconf 84' lang='lat' dir='ltr'><strong>Vtraque</strong></span> <span class='ocrx_word' id='word_1_98' title='bbox 1385 2066 1507 2144; x_wconf 89' lang='lat' dir='ltr'><strong>editio</strong></span> <span class='ocrx_word' id='word_1_99' title='bbox 1533 2063 1584 2141; x_wconf 85' lang='lat' dir='ltr'><strong>ad</strong></span> 
     </span>
    </p>
   </div>
   <div class='ocr_carea' id='block_1_12' title="bbox 320 2179 1586 2408">
    <p class='ocr_par' dir='ltr' id='par_1_12' title="bbox 320 2179 1722 2408">
     <span class='ocr_line' id='line_1_15' title="bbox 459 2179 1586 2286; baseline -0.001 -24"><span class='ocrx_word' id='word_1_100' title='bbox 459 2211 594 2264; x_wconf 81' lang='lat' dir='ltr'><strong>manus</strong></span> <span class='ocrx_word' id='word_1_101' title='bbox 611 2185 703 2262; x_wconf 89' lang='lat' dir='ltr'><strong>mihi</strong></span> <span class='ocrx_word' id='word_1_102' title='bbox 729 2191 799 2260; x_wconf 86' lang='lat' dir='ltr'><strong>est.</strong></span> <span class='ocrx_word' id='word_1_103' title='bbox 826 2183 987 2286; x_wconf 84' lang='lat' dir='ltr'><strong>Incipit:</strong></span> <span class='ocrx_word' id='word_1_104' title='bbox 1020 2179 1165 2261; x_wconf 54' lang='lat' dir='ltr'><strong>&amp;Licet</strong></span> <span class='ocrx_word' id='word_1_105' title='bbox 1196 2184 1334 2261; x_wconf 83' lang='lat' dir='ltr'><strong>cotidie</strong></span> <span class='ocrx_word' id='word_1_106' title='bbox 1363 2201 1495 2262; x_wconf 83' lang='lat' dir='ltr'><strong>vetera</strong></span> <span class='ocrx_word' id='word_1_107' title='bbox 1521 2210 1586 2261; x_wconf 91' lang='lat' dir='ltr'><strong>re·</strong></span> 
     </span>
     <span class='ocr_line' id='line_1_16' title="bbox 320 2301 1584 2408; baseline -0.005 -26"><span class='ocrx_word' id='word_1_108' title='bbox 320 2339 323 2348; x_wconf 62' lang='lat'><em>¹</em></span> <span class='ocrx_word' id='word_1_109' title='bbox 459 2302 634 2382; x_wconf 80' lang='lat' dir='ltr'><strong>centibus</strong></span> <span class='ocrx_word' id='word_1_110' title='bbox 668 2301 891 2400; x_wconf 75' lang='lat' dir='ltr'><strong>obruantur·</strong></span> <span class='ocrx_word' id='word_1_111' title='bbox 915 2335 941 2372; x_wconf 75' lang='lat'><strong>22</strong></span> <span class='ocrx_word' id='word_1_112' title='bbox 966 2305 1013 2376; x_wconf 95' lang='lat' dir='ltr'><strong>ln</strong></span> <span class='ocrx_word' id='word_1_113' title='bbox 1044 2304 1125 2390; x_wconf 80' lang='lat' dir='ltr'><strong>eius</strong></span> <span class='ocrx_word' id='word_1_114' title='bbox 1151 2303 1313 2408; x_wconf 85' lang='lat' dir='ltr'><strong>prologo</strong></span> <span class='ocrx_word' id='word_1_115' title='bbox 1344 2301 1440 2382; x_wconf 78' lang='lat' dir='ltr'><strong>haec</strong></span> <span class='ocrx_word' id='word_1_116' title='bbox 1465 2303 1584 2382; x_wconf 78' lang='lat' dir='ltr'><strong>verba</strong></span> 
     </span>
    </p>
   </div>
   <div class='ocr_carea' id='block_1_13' title="bbox 457 2409 1586 2764">
    <p class='ocr_par' dir='ltr' id='par_1_13' title="bbox 457 2409 1586 2764">
     <span class='ocr_line' id='line_1_17' title="bbox 457 2409 1585 2528; baseline -0.004 -29"><span class='ocrx_word' id='word_1_117' title='bbox 457 2421 663 2527; x_wconf 82' lang='lat' dir='ltr'><strong>leguntur,</strong></span> <span class='ocrx_word' id='word_1_118' title='bbox 689 2409 729 2496; x_wconf 82' lang='lat' dir='ltr'><strong>iri</strong></span> <span class='ocrx_word' id='word_1_119' title='bbox 747 2421 888 2526; x_wconf 79' lang='lat' dir='ltr'><strong>qulbus</strong></span> <span class='ocrx_word' id='word_1_120' title='bbox 914 2419 1056 2526; x_wconf 58' lang='lat' dir='ltr'><strong>latinus</strong></span> <span class='ocrx_word' id='word_1_121' title='bbox 1074 2422 1231 2526; x_wconf 81' lang='lat' dir='ltr'><strong>Dictyoa</strong></span> <span class='ocrx_word' id='word_1_122' title='bbox 1257 2423 1447 2528; x_wconf 84' lang='lat' dir='ltr'><strong>interpres</strong></span> <span class='ocrx_word' id='word_1_123' title='bbox 1465 2421 1585 2496; x_wconf 83' lang='lat' dir='ltr'><strong>multa</strong></span> 
     </span>
     <span class='ocr_line' id='line_1_18' title="bbox 460 2537 1585 2644; baseline -0.004 -28"><span class='ocrx_word' id='word_1_124' title='bbox 460 2541 595 2618; x_wconf 89' lang='lat' dir='ltr'><strong>Graeci</strong></span> <span class='ocrx_word' id='word_1_125' title='bbox 622 2540 789 2616; x_wconf 91' lang='lat' dir='ltr'><strong>omisisse</strong></span> <span class='ocrx_word' id='word_1_126' title='bbox 817 2541 1010 2643; x_wconf 83' lang='lat' dir='ltr'><strong>arguitur:</strong></span> <span class='ocrx_word' id='word_1_127' title='bbox 1030 2571 1056 2608; x_wconf 74' lang='lat' dir='ltr'><strong>rr</strong></span> <span class='ocrx_word' id='word_1_128' title='bbox 1073 2541 1128 2614; x_wconf 90' lang='lat' dir='ltr'><strong>Ea</strong></span> <span class='ocrx_word' id='word_1_129' title='bbox 1142 2552 1238 2640; x_wconf 86' lang='lat' dir='ltr'><strong>quae</strong></span> <span class='ocrx_word' id='word_1_130' title='bbox 1251 2565 1321 2644; x_wconf 86' lang='lat' dir='ltr'><strong>per</strong></span> <span class='ocrx_word' id='word_1_131' title='bbox 1331 2537 1456 2617; x_wconf 84' lang='lat' dir='ltr'><strong>Ditem</strong></span> <span class='ocrx_word' id='word_1_132' title='bbox 1476 2537 1585 2642; x_wconf 78' lang='lat' dir='ltr'><strong>(lege</strong></span> 
     </span>
     <span class='ocr_line' id='line_1_19' title="bbox 457 2657 1586 2764; baseline -0.005 -29"><span class='ocrx_word' id='word_1_133' title='bbox 457 2657 622 2763; x_wconf 84' lang='lat' dir='ltr'><strong>Diotyn)</strong></span> <span class='ocrx_word' id='word_1_134' title='bbox 639 2661 828 2737; x_wconf 85' lang='lat' dir='ltr'><strong>Graecum</strong></span> <span class='ocrx_word' id='word_1_135' title='bbox 854 2667 894 2736; x_wconf 92' lang='lat' dir='ltr'><strong>et</strong></span> <span class='ocrx_word' id='word_1_136' title='bbox 911 2659 1119 2764; x_wconf 74' lang='lat' dir='ltr'><strong>Phrygium</strong></span> <span class='ocrx_word' id='word_1_137' title='bbox 1131 2659 1319 2756; x_wconf 86' lang='lat' dir='ltr'><strong>Daretem,</strong></span> <span class='ocrx_word' id='word_1_138' title='bbox 1331 2661 1398 2760; x_wconf 87' lang='lat' dir='ltr'><strong>qui</strong></span> <span class='ocrx_word' id='word_1_139' title='bbox 1415 2665 1586 2758; x_wconf 76' lang='lat' dir='ltr'><strong>tempore</strong></span> 
     </span>
    </p>
   </div>
   <div class='ocr_carea' id='block_1_14' title="bbox 446 2775 1722 3003">
    <p class='ocr_par' dir='ltr' id='par_1_14' title="bbox 446 2775 1722 3003">
     <span class='ocr_line' id='line_1_20' title="bbox 446 2775 1722 2888; baseline -0.003 -36"><span class='ocrx_word' id='word_1_140' title='bbox 446 2777 616 2888; x_wconf 62' lang='lat' dir='ltr'><strong>⁵Troiani</strong></span> <span class='ocrx_word' id='word_1_141' title='bbox 651 2775 744 2852; x_wconf 88' lang='lat' dir='ltr'><strong>belli</strong></span> <span class='ocrx_word' id='word_1_142' title='bbox 762 2846 765 2855; x_wconf 93' lang='grc'><em>,</em></span> <span class='ocrx_word' id='word_1_143' title='bbox 783 2779 1030 2855; x_wconf 80' lang='lat' dir='ltr'><strong>continue&#39;in</strong></span> <span class='ocrx_word' id='word_1_144' title='bbox 1057 2801 1193 2855; x_wconf 84' lang='lat' dir='ltr'><strong>eorum</strong></span> <span class='ocrx_word' id='word_1_145' title='bbox 1221 2775 1449 2852; x_wconf 80' lang='lat' dir='ltr'><strong>exercitibus</strong></span> <span class='ocrx_word' id='word_1_146' title='bbox 1476 2775 1587 2850; x_wconf 87' lang='lat' dir='ltr'><strong>fuere</strong></span> <span class='ocrx_word' id='word_1_147' title='bbox 1721 2833 1722 2858; x_wconf 62' lang='grc'>,</span> 
     </span>
     <span class='ocr_line' id='line_1_21' title="bbox 460 2887 1722 3003; baseline -0.005 -35"><span class='ocrx_word' id='word_1_148' title='bbox 460 2907 692 2998; x_wconf 78' lang='lat' dir='ltr'><strong>praesentes,</strong></span> <span class='ocrx_word' id='word_1_149' title='bbox 712 2893 920 3003; x_wconf 80' lang='lat' dir='ltr'><strong>ethorum,</strong></span> <span class='ocrx_word' id='word_1_150' title='bbox 947 2919 1047 2998; x_wconf 89' lang='lat' dir='ltr'><strong>quae</strong></span> <span class='ocrx_word' id='word_1_151' title='bbox 1066 2893 1256 2983; x_wconf 80' lang='lat' dir='ltr'><strong>viderunt,</strong></span> <span class='ocrx_word' id='word_1_152' title='bbox 1273 2899 1363 2967; x_wconf 88' lang='lat' dir='ltr'><strong>sunt</strong></span> <span class='ocrx_word' id='word_1_153' title='bbox 1380 2887 1585 2985; x_wconf 74' lang='lat' dir='ltr'><strong>fidelissimi</strong></span> <span class='ocrx_word' id='word_1_154' title='bbox 1721 2967 1722 2972; x_wconf 54' lang='grc'>,</span> 
     </span>
    </p>
   </div>
   <div class='ocr_carea' id='block_1_15' title="bbox 383 3003 1586 4297">
    <p class='ocr_par' dir='ltr' id='par_1_15' title="bbox 383 3003 1586 4297">
     <span class='ocr_line' id='line_1_22' title="bbox 397 3003 1586 3120; baseline -0.003 -35"><span class='ocrx_word' id='word_1_155' title='bbox 397 3069 404 3085; x_wconf 92' lang='grc'><strong>.</strong></span> <span class='ocrx_word' id='word_1_156' title='bbox 462 3006 671 3120; x_wconf 77' lang='lat' dir='ltr'><strong>relatores,</strong></span> <span class='ocrx_word' id='word_1_157' title='bbox 697 3019 748 3106; x_wconf 72' lang='lat' dir='ltr'><strong>et*</strong></span> <span class='ocrx_word' id='word_1_158' title='bbox 760 3011 802 3084; x_wconf 90' lang='lat' dir='ltr'><strong>in</strong></span> <span class='ocrx_word' id='word_1_159' title='bbox 819 3008 1057 3114; x_wconf 79' lang='lat' dir='ltr'><strong>praesentem</strong></span> <span class='ocrx_word' id='word_1_160' title='bbox 1072 3010 1245 3088; x_wconf 84' lang='lat' dir='ltr'><strong>libellum</strong></span> <span class='ocrx_word' id='word_1_161' title='bbox 1261 3035 1331 3114; x_wconf 89' lang='lat' dir='ltr'><strong>per</strong></span> <span class='ocrx_word' id='word_1_162' title='bbox 1345 3035 1404 3083; x_wconf 91' lang='lat' dir='ltr'><strong>me</strong></span> <span class='ocrx_word' id='word_1_163' title='bbox 1422 3003 1586 3082; x_wconf 88' lang='lat' dir='ltr'><strong>iudicem</strong></span> 
     </span>
     <span class='ocr_line' id='line_1_23' title="bbox 416 3123 1585 3230; baseline -0.003 -29"><span class='ocrx_word' id='word_1_164' title='bbox 416 3204 418 3218; x_wconf 61' lang='grc'><strong>,</strong></span> <span class='ocrx_word' id='word_1_165' title='bbox 465 3124 683 3202; x_wconf 86' lang='lat' dir='ltr'><strong>Gnidonem</strong></span> <span class='ocrx_word' id='word_1_166' title='bbox 701 3125 749 3200; x_wconf 91' lang='lat' dir='ltr'><strong>de</strong></span> <span class='ocrx_word' id='word_1_167' title='bbox 764 3125 947 3204; x_wconf 81' lang='lat' dir='ltr'><strong>Columna</strong></span> <span class='ocrx_word' id='word_1_168' title='bbox 964 3130 1135 3204; x_wconf 89' lang='lat' dir='ltr'><strong>Messana</strong></span> <span class='ocrx_word' id='word_1_169' title='bbox 1148 3133 1385 3230; x_wconf 86' lang='lat' dir='ltr'><strong>transumpto</strong></span> <span class='ocrx_word' id='word_1_170' title='bbox 1397 3123 1585 3226; x_wconf 80' lang='lat' dir='ltr'><strong>legentur,</strong></span> 
     </span>
     <span class='ocr_line' id='line_1_24' title="bbox 463 3242 1586 3351; baseline -0.004 -31"><span class='ocrx_word' id='word_1_171' title='bbox 463 3261 582 3350; x_wconf 87' lang='lat' dir='ltr'><strong>prout</strong></span> <span class='ocrx_word' id='word_1_172' title='bbox 601 3246 645 3318; x_wconf 91' lang='lat' dir='ltr'><strong>in</strong></span> <span class='ocrx_word' id='word_1_173' title='bbox 669 3242 818 3322; x_wconf 86' lang='lat' dir='ltr'><strong>duobus</strong></span> <span class='ocrx_word' id='word_1_174' title='bbox 844 3244 951 3322; x_wconf 89' lang='lat' dir='ltr'><strong>libris</strong></span> <span class='ocrx_word' id='word_1_175' title='bbox 977 3271 1112 3324; x_wconf 88' lang='lat' dir='ltr'><strong>eorum</strong></span> <span class='ocrx_word' id='word_1_176' title='bbox 1138 3249 1365 3351; x_wconf 88' lang='lat' dir='ltr'><strong>inscriptum</strong></span> <span class='ocrx_word' id='word_1_177' title='bbox 1384 3246 1493 3347; x_wconf 87' lang='lat' dir='ltr'><strong>quasi</strong></span> <span class='ocrx_word' id='word_1_178' title='bbox 1509 3269 1586 3318; x_wconf 82' lang='lat' dir='ltr'><strong>une</strong></span> 
     </span>
     <span class='ocr_line' id='line_1_25' title="bbox 462 3364 1586 3466; baseline -0.005 -26"><span class='ocrx_word' id='word_1_179' title='bbox 462 3364 565 3440; x_wconf 86' lang='lat' dir='ltr'><strong>vocis</strong></span> <span class='ocrx_word' id='word_1_180' title='bbox 594 3365 845 3440; x_wconf 85' lang='lat' dir='ltr'><strong>consonantia</strong></span> <span class='ocrx_word' id='word_1_181' title='bbox 870 3367 1068 3443; x_wconf 88' lang='lat' dir='ltr'><strong>inventum</strong></span> <span class='ocrx_word' id='word_1_182' title='bbox 1087 3373 1146 3442; x_wconf 90' lang='lat' dir='ltr'><strong>est</strong></span> <span class='ocrx_word' id='word_1_183' title='bbox 1163 3367 1331 3442; x_wconf 85' lang='lat' dir='ltr'><strong>Athenis.</strong></span> <span class='ocrx_word' id='word_1_184' title='bbox 1358 3364 1586 3466; x_wconf 86' lang='lat' dir='ltr'><strong>Quanquam</strong></span> 
     </span>
     <span class='ocr_line' id='line_1_26' title="bbox 464 3480 1586 3586; baseline -0.005 -28"><span class='ocrx_word' id='word_1_185' title='bbox 464 3489 594 3558; x_wconf 86' lang='lat' dir='ltr'><strong>autem</strong></span> <span class='ocrx_word' id='word_1_186' title='bbox 621 3481 691 3558; x_wconf 89' lang='lat' dir='ltr'><strong>hos</strong></span> <span class='ocrx_word' id='word_1_187' title='bbox 715 3480 867 3558; x_wconf 90' lang='lat' dir='ltr'><strong>libellos</strong></span> <span class='ocrx_word' id='word_1_188' title='bbox 894 3483 1049 3586; x_wconf 77' lang='lat' dir='ltr'><strong>quidam</strong></span> <span class='ocrx_word' id='word_1_189' title='bbox 1068 3487 1284 3578; x_wconf 83' lang='lat' dir='ltr'><strong>Romanus,</strong></span> <span class='ocrx_word' id='word_1_190' title='bbox 1302 3480 1586 3566; x_wconf 86' lang='lat' dir='ltr'><strong>Corneliusno·</strong></span> 
     </span>
     <span class='ocr_line' id='line_1_27' title="bbox 464 3591 1585 3708; baseline -0.004 -34"><span class='ocrx_word' id='word_1_191' title='bbox 464 3599 590 3692; x_wconf 87' lang='lat' dir='ltr'><strong>mine,</strong></span> <span class='ocrx_word' id='word_1_192' title='bbox 614 3596 784 3676; x_wconf 82' lang='lat' dir='ltr'><strong>Sallustii</strong></span> <span class='ocrx_word' id='word_1_193' title='bbox 810 3603 935 3704; x_wconf 82' lang='lat' dir='ltr'><strong>magni</strong></span> <span class='ocrx_word' id='word_1_194' title='bbox 960 3628 1101 3708; x_wconf 84' lang='lat' dir='ltr'><strong>nepos,</strong></span> <span class='ocrx_word' id='word_1_195' title='bbox 1126 3604 1168 3676; x_wconf 88' lang='lat' dir='ltr'><strong>in</strong></span> <span class='ocrx_word' id='word_1_196' title='bbox 1184 3599 1348 3678; x_wconf 85' lang='lat' dir='ltr'><strong>latinum</strong></span> <span class='ocrx_word' id='word_1_197' title='bbox 1375 3591 1585 3677; x_wconf 83' lang='lat' dir='ltr'><strong>transferre</strong></span> 
     </span>
     <span class='ocr_line' id='line_1_28' title="bbox 383 3715 1583 3810; baseline -0.008 -14"><span class='ocrx_word' id='word_1_198' title='bbox 383 3765 391 3786; x_wconf 88' lang='lat'><strong>·</strong></span> <span class='ocrx_word' id='word_1_199' title='bbox 465 3717 659 3804; x_wconf 79' lang='lat' dir='ltr'><strong>curaverit</strong></span> <span class='ocrx_word' id='word_1_200' title='bbox 668 3760 687 3810; x_wconf 81' lang='lat'><strong>,·</strong></span> <span class='ocrx_word' id='word_1_201' title='bbox 697 3723 827 3794; x_wconf 88' lang='lat' dir='ltr'><strong>tamen</strong></span> <span class='ocrx_word' id='word_1_202' title='bbox 843 3717 932 3794; x_wconf 90' lang='lat' dir='ltr'><strong>dum</strong></span> <span class='ocrx_word' id='word_1_203' title='bbox 948 3715 1143 3795; x_wconf 84' lang='lat' dir='ltr'><strong>laboraret</strong></span> <span class='ocrx_word' id='word_1_204' title='bbox 1156 3719 1325 3805; x_wconf 68' lang='lat' dir='ltr'><strong>¹nimium</strong></span> <span class='ocrx_word' id='word_1_205' title='bbox 1343 3717 1468 3802; x_wconf 86' lang='lat' dir='ltr'><strong>brevis</strong></span> <span class='ocrx_word' id='word_1_206' title='bbox 1494 3737 1583 3802; x_wconf 88' lang='lat' dir='ltr'><strong>esse,</strong></span> 
     </span>
     <span class='ocr_line' id='line_1_29' title="bbox 463 3829 1586 3944; baseline -0.004 -34"><span class='ocrx_word' id='word_1_207' title='bbox 463 3832 711 3940; x_wconf 76' lang='lat' dir='ltr'><strong>particularia</strong></span> <span class='ocrx_word' id='word_1_208' title='bbox 736 3837 917 3914; x_wconf 85' lang='lat' dir='ltr'><strong>historiae</strong></span> <span class='ocrx_word' id='word_1_209' title='bbox 944 3839 1081 3944; x_wconf 87' lang='lat' dir='ltr'><strong>ipsius,</strong></span> <span class='ocrx_word' id='word_1_210' title='bbox 1108 3829 1586 3943; x_wconf 76' lang='lat' dir='ltr'><strong>quaemogispossunt-al·</strong></span> 
     </span>
     <span class='ocr_line' id='line_1_30' title="bbox 463 3949 1585 4061; baseline -0.004 -33"><span class='ocrx_word' id='word_1_211' title='bbox 463 3949 583 4032; x_wconf 85' lang='lat' dir='ltr'><strong>licere</strong></span> <span class='ocrx_word' id='word_1_212' title='bbox 608 3953 751 4036; x_wconf 84' lang='lat' dir='ltr'><strong>animos</strong></span> <span class='ocrx_word' id='word_1_213' title='bbox 777 3956 1012 4049; x_wconf 88' lang='lat' dir='ltr'><strong>auditorum,</strong></span> <span class='ocrx_word' id='word_1_214' title='bbox 1041 3982 1133 4061; x_wconf 85' lang='lat' dir='ltr'><strong>prae</strong></span> <span class='ocrx_word' id='word_1_215' title='bbox 1169 3958 1283 4032; x_wconf 89' lang='lat' dir='ltr'><strong>nimia</strong></span> <span class='ocrx_word' id='word_1_216' title='bbox 1308 3954 1501 4031; x_wconf 86' lang='lat' dir='ltr'><strong>brevitate</strong></span> <span class='ocrx_word' id='word_1_217' title='bbox 1525 3950 1585 4024; x_wconf 90' lang='lat' dir='ltr'><strong>in·</strong></span> 
     </span>
     <span class='ocr_line' id='line_1_31' title="bbox 455 4063 1582 4176; baseline -0.004 -32"><span class='ocrx_word' id='word_1_218' title='bbox 455 4063 648 4147; x_wconf 84' lang='lat' dir='ltr'><strong>&#39;decenter</strong></span> <span class='ocrx_word' id='word_1_219' title='bbox 666 4071 802 4148; x_wconf 85' lang='lat' dir='ltr'><strong>omisit.</strong></span> <span class='ocrx_word' id='word_1_220' title='bbox 826 4073 873 4146; x_wconf 95' lang='lat' dir='ltr'><strong>In</strong></span> <span class='ocrx_word' id='word_1_221' title='bbox 899 4071 971 4147; x_wconf 87' lang='lat' dir='ltr'><strong>hae</strong></span> <span class='ocrx_word' id='word_1_222' title='bbox 998 4075 1114 4176; x_wconf 83' lang='lat' dir='ltr'><strong>igitur</strong></span> <span class='ocrx_word' id='word_1_223' title='bbox 1131 4075 1227 4150; x_wconf 86' lang='lat' dir='ltr'><strong>serie</strong></span> <span class='ocrx_word' id='word_1_224' title='bbox 1245 4069 1367 4147; x_wconf 86' lang='lat' dir='ltr'><strong>libelli</strong></span> <span class='ocrx_word' id='word_1_225' title='bbox 1384 4085 1508 4145; x_wconf 87' lang='lat' dir='ltr'><strong>totum</strong></span> <span class='ocrx_word' id='word_1_226' title='bbox 1526 4067 1582 4141; x_wconf 90' lang='lat' dir='ltr'><strong>in·</strong></span> 
     </span>
     <span class='ocr_line' id='line_1_32' title="bbox 462 4185 1584 4297; baseline -0.002 -33"><span class='ocrx_word' id='word_1_227' title='bbox 462 4193 618 4268; x_wconf 80' lang='lat' dir='ltr'><strong>venitur</strong></span> <span class='ocrx_word' id='word_1_228' title='bbox 627 4189 864 4297; x_wconf 85' lang='lat' dir='ltr'><strong>inscriptum,</strong></span> <span class='ocrx_word' id='word_1_229' title='bbox 882 4189 988 4297; x_wconf 89' lang='lat' dir='ltr'><strong>quod</strong></span> <span class='ocrx_word' id='word_1_230' title='bbox 999 4192 1045 4268; x_wconf 87' lang='lat' dir='ltr'><strong>tle</strong></span> <span class='ocrx_word' id='word_1_231' title='bbox 1062 4197 1143 4269; x_wconf 85' lang='lat' dir='ltr'><strong>tota</strong></span> <span class='ocrx_word' id='word_1_232' title='bbox 1156 4185 1584 4278; x_wconf 79' lang='lat' dir='ltr'><strong>historianniversnliter</strong></span> 
     </span>
    </p>
   </div>
   <div class='ocr_carea' id='block_1_16' title="bbox 465 4298 1583 4454">
    <p class='ocr_par' dir='ltr' id='par_1_16' title="bbox 465 4298 1583 4454">
     <span class='ocr_line' id='line_1_33' title="bbox 465 4298 1583 4454; baseline -0.011 -61"><span class='ocrx_word' id='word_1_233' title='bbox 465 4307 1201 4454; x_wconf 68' lang='lat' dir='ltr'><strong>etparticutaritcrgestumiuit.oldem</strong></span> <span class='ocrx_word' id='word_1_234' title='bbox 1209 4298 1583 4420; x_wconf 79' lang='lat' dir='ltr'><strong>scriptorad’orlcem</strong></span> 
     </span>
    </p>
   </div>
   <div class='ocr_carea' id='block_1_17' title="bbox 0 0 1840 5740">
    <p class='ocr_par' dir='ltr' id='par_1_17' title="bbox 0 0 1840 5740">
     <span class='ocr_line' id='line_1_34' title="bbox 0 0 1840 5740; baseline 0 0"><span class='ocrx_word' id='word_1_235' title='bbox 0 0 1840 5740; x_wconf 95' lang='lat' dir='ltr'><strong> </strong></span> 
     </span>
    </p>
   </div>
  </div>
 </body>
</html>
