3660 5740
625 597 679 660 nr
703 595 868 660 tantors
914 553 919 558 ¹

286 799 439 894 Burras,
466 792 689 902 quisquilias
714 798 952 904 ineptiasque

288 913 661 1016 Credamus'gremio
687 913 1010 994 cui'sovendum'?

288 1015 435 1110 Inveni·
448 1034 465 1136 (
478 1032 649 1138 trepidae
675 1032 782 1110 silete
807 1033 961 1137 nugae)

288 1150 366 1226 Nec
391 1148 548 1226 doctum
573 1151 711 1256 minus,
739 1165 778 1224 ot
803 1154 918 1252 magis
945 1148 1171 1252 benignum,

290 1268 411 1361 Quam
438 1292 551 1371 quem
577 1262 697 1342 Gallia
723 1267 901 1372 praebuit
927 1263 1092 1342 Catullo.

204 1593 218 1617 „
266 1527 380 1618 torm
397 1551 565 1604 nrrsronr
592 1555 655 1606 xvr
684 1554 732 1604 sn
760 1553 910 1604 rnonvsr
938 1551 1064 1604 rasus.
1093 1551 1225 1602 ratur.

194 1685 198 1696 ¹
240 1729 429 1838 Apologos
458 1736 613 1826 Titiani,
641 1749 678 1810 et
691 1735 1067 1840 Nepotischronica,
1095 1734 1199 1835 quasi
1211 1729 1303 1806 alios

193 1845 370 1954 apologos
396 1851 511 1953 (nam
537 1855 680 1956 etipsa
707 1854 824 1926 instar
851 1867 938 1926 sunt
965 1847 1233 1944 fabularum),
1260 1843 1309 1920 ad

192 1967 423 2046 nobilitatem
440 1971 659 2060 tuammisi,
686 1968 854 2070 gaudens
873 1986 985 2072 atque
1004 1969 1113 2042 etiam
1128 1967 1306 2070 glorians,

192 2087 275 2162 for-e
301 2084 458 2190 aliquid,
485 2088 588 2190 quod
614 2084 662 2161 ad
689 2082 974 2172 institutionem,
991 2079 1149 2162 tuorum⁴
1167 2081 1333 2160 seduli·'

193 2206 277 2282 tatis
304 2231 406 2281 meae
440 2205 564 2282 studio
591 2202 824 2282 conferatur.
861 2229 864 2238 ·
904 2213 906 2218 '

294 2486 478 2565 IVDICIA
504 2488 854 2570 RECENTIORVM
889 2486 1207 2564 SCRIPTORVM.

396 2746 402 2755 -
524 2715 730 2772 oneramus
763 2721 964 2783 rsrvmrvs,

74 3025 78 3033 1
197 2923 376 3030 Catalogo
388 2927 585 3004 illustrium
603 2929 724 3034 script.
743 2931 787 3010 V
781 2937 1025 3034 cretensium²
1038 2931 1064 3004 l.
1079 2953 1118 3004 vr
1140 2923 1310 3040 antiquit.

242 3146 549 3222 Constantissimo
576 3151 736 3226 civitatis
753 3159 904 3224 nostrae
927 3151 1141 3236 testimonio
1166 3175 1202 3222 c.
1224 3174 1311 3224 ooa-

193 3288 334 3340 unmvts
353 3289 542 3355 surorum,
562 3267 684 3340 virum
701 3265 970 3378 doctissimum,
988 3286 1026 3343 et
1044 3268 1311 3372 antiquitatum

192 3383 360 3456 omnium
387 3384 664 3486 peritissimum,
691 3385 949 3460 Veronensem
976 3385 1103 3478 fuisse,
1129 3388 1311 3476 traditur,

193 3501 253 3576 cui
279 3503 320 3574 in
339 3527 479 3574 summa
505 3503 609 3576 curia
636 3529 723 3576 cum
751 3500 906 3606 reliquis
944 3504 1228 3578 Veronensibus
1260 3500 1310 3575 il·

193 3616 374 3694 lustribus
401 3620 511 3693 etiam
538 3635 660 3696 statua
686 3622 809 3724 posita
836 3637 891 3696 est
918 3648 964 3698 en
992 3621 1144 3727 publica
1177 3637 1309 3696 aucto·

193 3735 318 3810 ritate.
330 3737 427 3809 Eum
443 3734 604 3832 Plinius,
619 3733 687 3812 lib.
707 3739 760 3812 111
780 3738 826 3813 H.
846 3740 889 3813 N.
904 3765 984 3841 cap.
1009 3739 1076 3830 18,
1101 3739 1190 3814 Padi
1210 3761 1315 3812 acco·

194 3847 270 3924 lam
293 3867 426 3942 vocat,
459 3867 498 3926 ct
523 3849 612 3927 alibi
638 3855 785 3956 saepius
812 3851 860 3929 de
887 3879 932 3928 eo
958 3853 1186 3929 mentionem
1212 3853 1313 3927 lacit.

194 3967 312 4044 Ortus
331 3968 571 4066 siquidem'in
585 3971 668 4048 vico
680 3971 956 4060 veronensium
973 3968 1144 4062 Hostilia,
1164 3969 1210 4042 ad
1222 3964 1316 4042 Padi

196 4088 297 4190 ripas
325 4087 410 4180 sito,
437 4093 482 4162 ut
508 4087 662 4164 Tacitus
689 4104 824 4166 auctor
850 4103 918 4178 est,
943 4083 1009 4164 lib.
1026 4089 1120 4164 XIX
1136 4086 1315 4162 historiae

196 4207 399 4314 Augustae.
418 4205 506 4284 Pius
525 4231 679 4322 quoque
697 4209 749 4292 Pa
780 4233 799 4284 a
816 4205 864 4301 ΙΙ,
883 4207 923 4288 in
942 4207 1049 4292 Asiae
1062 4203 1315 4316 descriptione

198 4345 285 4405 som
312 4324 572 4410 Veterensem
598 4339 730 4438 aperte
746 4235 862 4412 luisse
880 4323 1017 4411 scribit.
1044 4323 1102 4410 ts
1124 4323 1228 4408 huno
1246 4321 1317 4408 Ga·
1347 4381 1350 4392 ·

201 4436 319 4528 tattn
345 4467 443 4558 opus
459 4463 570 4534 suoru
587 4441 705 4546 misit,
733 4455 913 4560 tauquam
933 4443 1053 4528 civem
1071 4467 1194 4528 tuum.
1219 4437 1318 4554 Quoi
