3660 5740
559 519 890 590 rnesxrsroccxs
1231 497 1296 626 87

174 727 367 808 inimicum
391 723 458 806 ille
484 743 662 834 expertus
688 743 754 806 est.
794 727 850 804 Ee
875 743 1002 807 antem
1027 753 1145 834 rogo,
1173 739 1220 810 ut
1245 729 1297 826 de

174 848 396 942 biarchus,
423 845 473 926 de
499 847 638 952 quibus
664 854 792 924 tecum
817 845 989 952 colloqui
1017 847 1126 943 volo,
1151 877 1297 930 sonum

132 948 135 956 ’
174 964 268 1040 mihi
302 965 481 1070 temporis
506 961 595 1057 des,
620 989 741 1066 eoque
769 975 979 1056 transacto,
1005 989 1063 1041 me
1090 963 1139 1041 ad
1167 981 1205 1044 tc
1232 993 1295 1046 vc·

175 1086 260 1158 nire
285 1083 452 1188 potiaris.
472 1111 498 1152 n

225 1201 276 1275 X.
303 1199 424 1275 Huius
450 1225 519 1274 rex
537 1197 652 1274 animi
680 1197 978 1301 magnitudinem
997 1195 1200 1292 admirans,
1225 1225 1293 1279 cn·

174 1318 361 1420 piensque
382 1313 495 1390 talem
512 1317 635 1394 virum
656 1317 723 1391 sibi
743 1314 952 1408 conciliari,
978 1315 1126 1392 veniam
1143 1313 1263 1396 dedit.
1281 1325 1292 1372 ⁴

175 1431 246 1508 Ille
260 1459 372 1508 omne
386 1429 484 1508 illud
499 1447 646 1537 tempus
664 1431 799 1509 litteris
813 1435 1054 1534 sermonique
1063 1435 1263 1510 Persarum
1279 1437 1296 1490 ²

174 1551 298 1626 dedit:
325 1549 465 1654 quihus
491 1549 584 1626 odeo
611 1547 786 1628 eruditus
812 1563 892 1642 est,
917 1567 961 1626 ut
987 1548 1107 1628 multo
1132 1575 1298 1629 commo·

174 1663 261 1744 dius
286 1665 434 1742 dicatur
460 1666 563 1774 opud
577 1693 703 1770 regern
723 1665 840 1744 verbs
859 1666 1006 1760 fecisse,
1034 1693 1148 1772 quem
1167 1667 1208 1744 ht
1227 1695 1298 1776 po·

174 1797 311 1876 terant,
330 1785 399 1888 qui
418 1785 458 1860 in
475 1781 629 1862 Perside
650 1801 760 1861 erent
777 1786 868 1873 nuti.
887 1785 959 1861 Hic
972 1809 1060 1860 cum
1077 1781 1198 1862 mults
1216 1787 1296 1891 regi

172 1919 269 1978 esset
288 1899 500 2005 pollicitus,
522 1903 844 2005 gratissimumque
860 1887 1026 1995 illudfsi
1043 1903 1120 1980 suis
1137 1901 1194 1978 uti
1205 1927 1296 1981 coo·

171 2019 262 2098 siliis
282 2018 536 2110 vellet‚illum
554 2017 864 2098 Graeciombello
876 2045 1161 2124 oppressurum
1182 2021 1198 2072 ³
1218 2045 1295 2095 mu·

171 2140 252 2244 guis
269 2137 492 2216 muneribus
510 2135 962 2229 thermodontem,
976 2141 1016 2215 in
1029 2140 1154 2216 Asiam
1168 2135 1296 2238 rediit,

169 2377 233 2442 nio,
253 2378 298 2450 qui
318 2397 348 2432 ex
370 2379 490 2434 omnibus
511 2379 617 2434 Grsecis
639 2399 706 2434 unus
758 2379 827 2434 Max.
844 2379 1026 2445 v111‚7,·exr.
1050 2383 1091 2434 15.
1108 2377 1237 2450 -Apud
1251 2393 1296 2432 rea‘

169 2473 240 2516 tuem
255 2463 382 2516 familiam
396 2463 520 2534 plurimis
533 2467 605 2520 effeci
619 2463 705 2528 melis,
758 2478 817 2533 gem
837 2463 917 2516 verbu
937 2463 1039 2532 secisse.
1073 2465 1129 2518 lsm
1153 2467 1244 2528 eous,
1267 2470 1298 2516 ut

170 2546 293 2618 quamdiu
318 2549 468 2602 necessitate
490 2558 589 2620 petrem
615 2559 709 2615 tuum,
758 2541 1011 2608 treditl'lutercltus,
1025 2543 1062 2598 ib.
1080 2543 1298 2617 numetis-

171 2633 216 2703 qui
234 2633 299 2684 mihi
318 2629 418 2703 bellum
442 2631 584 2698 inserebat,
600 2631 707 2706 propul-

170 2717 243 2782 savi3
260 2715 305 2768 sed
329 2714 408 2785 longe
426 2717 544 2790 pluribus
557 2717 707 2782 beneficiis,

170 2811 306 2874 postquem
327 2801 392 2854 nrilsi
414 2803 518 2872 quidem
539 2821 579 2856 res
602 2803 631 2856 its
653 2812 708 2857 tuto

169 2893 272 2947 essent,
289 2885 328 2938 illi
344 2905 406 2941 vero
428 2888 569 2958 periculosa
583 2889 707 2944 reversio.

168 2969 202 3022 Et
216 2969 281 3022 milri
300 2955 458 3024 beneficium
478 2971 597 3028 debetur.
615 2973 704 3044 (Scri-

166 3064 250 3122 pserot
267 3053 308 3106 lric
323 3055 522 3122 Themistocles,
537 3055 666 3130 quomodo
680 3065 708 3111 et

167 3145 225 3192 eote
248 3141 388 3191 monuisset
412 3138 444 3192 tle
468 3153 574 3212 receptu
595 3163 625 3197 ex
654 3141 706 3194 Ss-

168 3219 281 3285 lnmine,
299 3227 326 3273 et
342 3217 375 3272 de
393 3221 516 3290 pontibus
529 3239 582 3274 non
596 3221 705 3290 solutis,

167 3321 232 3372 qnos
245 3306 350 3375 ruptum
368 3306 401 3358 iri
416 3314 522 3377 propter
539 3307 623 3376 ipsum
642 3314 704 3362 tnnc

167 3386 230 3440 salso
247 3387 400 3456 simularat)
423 3389 457 3441 lit
481 3407 549 3442 nune
574 3407 639 3462 ego,
658 3391 705 3464 qui

169 3475 267 3544 magnis
281 3489 382 3544 pomum
397 3473 527 3527 bencliclis
545 3485 570 3528 te
592 3479 705 3542 allicere,

168 3557 277 3624 adsum,
299 3577 378 3628 quem
403 3557 493 3613 Graeci
517 3571 706 3630 persequuntur

169 3651 271 3713 propter
286 3659 369 3696 meam
388 3645 417 3697 in
440 3653 466 3696 tc
485 3643 705 3698 benevolentiam.

170 3731 247 3780 Anco
261 3739 348 3782 osstem
360 3727 539 3800 supersedens,
551 3730 605 3800 ipsc
618 3749 704 3782 coram

756 2637 828 2682 'terso
854 2637 898 2681 sut
925 2629 1095 2697 interpretem
1119 2635 1221 2699 egents
1249 2625 1296 2681 secl

759 2727 820 2763 eum
837 2729 899 2781 rege
913 2711 1050 2764 Perssrum
1063 2707 1186 2781 colloqui,
1198 2709 1296 2765 nedum

762 2797 789 2849 io
800 2803 965 2866 conspectum
976 2797 1030 2850 eius
1049 2797 1155 2860 senice,
1166 2797 1296 2870 cuiquem,

759 2881 810 2936 nisi
830 2885 876 2953 qui
899 2880 1035 2936 Persarum
1057 2891 1132 2936 more
1157 2893 1295 2940 veneretur

759 2965 861 3027 tuimet,
880 2961 980 3018 licebat.
993 2965 1079 3034 Quem
1098 2965 1223 3019 honorem
1236 2967 1294 3038 pri-⁴

759 3057 817 3099 mus
829 3065 844 3100 e
858 3048 964 3101 Graecis
978 3045 1036 3101 lsulc
1052 3049 1109 3120 regi
1119 3047 1213 3102 detulit
1223 3049 1295 3103 The·

758 3127 827 3182 mist.
853 3129 908 3192 lte,
925 3127 991 3182 olim
1013 3130 1110 3194 victor,
1132 3129 1193 3184 victi
1214 3131 1294 3185 hostis

757 3228 839 3280 genus
852 3210 1006 3280 complecti,
1026 3221 1055 3266 ut
1076 3213 1112 3268 sit
1127 3215 1313 3278 Velenlllsx„

756 3296 791 3360 V,
805 3301 830 3357 3,
847 3305 898 3348 ext.
908 3300 934 3359 3,
948 3305 1050 3349 coactus
1063 3307 1110 3350 est.
1125 3299 1295 3353 Artaxerxem

757 3381 872 3432 venersri
886 3389 984 3433 recuset
996 3383 1086 3436 Conon
1101 3401 1124 3435 c.
1136 3383 1182 3450 lll3
1194 3394 1220 3438 et
1228 3399 1295 3456 quse

757 3461 870 3529 solebit,
888 3463 947 3518 huic
964 3467 1057 3535 scripto
1071 3466 1158 3522 tradit.

791 3565 836 3638 (3)
846 3563 924 3616 Illum
937 3563 1072 3619 Graecisms
1084 3567 1150 3621 lello
1163 3584 1295 3639 oppressu·

758 3663 822 3699 rum.
842 3647 939 3714 Ilieon,
959 3647 1056 3702 scilieet
1073 3651 1250 3706 Artaxerxem.
1264 3649 1294 3706 ltl

757 3731 811 3801 regi
830 3749 889 3782 eum
912 3733 1059 3801 promisisse
1080 3735 1174 3788 coeteri
1191 3753 1295 3808 quoque

169 3812 293 3865 aduectus
313 3815 479 3866 meicsusans
505 3812 552 3867 tibl
573 3813 704 3867 declarare
755 3816 890 3885 scriptores
906 3813 1027 3882 tradunt3
1052 3817 1123 3884 imo,
1147 3827 1175 3871 ut
1201 3819 1295 3874 volunt

171 3897 231 3952 volo
244 3917 264 3950 n.
757 3895 833 3948 islsae
849 3896 922 3966 epist.
936 3895 972 3949 xt
990 3907 1016 3950 et
1034 3899 1094 3963 XX,
1113 3897 1206 3953 latetur
1222 3896 1294 3972 ipse,
1367 3951 1370 3960 ,

204 3984 247 4050 (t)
265 3981 373 4036 Vestiam
399 3983 478 4036 dedis.
496 3982 595 4035 Annuit
614 3991 701 4053 posto·
757 3991 927 4048 qiianuam,
947 3985 1011 4060 extr.
1034 3979 1108 4049 epist.
1136 3985 1185 4047 49,
1202 3999 1229 4034 se
1246 3979 1295 4035 hor

171 4067 233 4120 husi
251 4067 374 4122 veniendi
392 4074 552 4138 potestatem.
756 4079 874 4132 unquam
894 4061 1068 4114 admissurum
1089 4075 1173 4136 neget.
1185 4063 1293 4118 -Me·

204 4153 248 4221 (1)
266 4152 372 4206 Litten's
389 4155 543 4223 sermonique
558 4149 703 4206 Personam.
757 4151 816 4218 gnis
832 4147 980 4200 muneribus.
1003 4149 1040 4200 De
1062 4147 1102 4201 tt·
1122 4147 1250 4204 Plutarch.
1266 4150 1297 4206 ie
1360 4192 1380 4218 ¹.

172 4233 240 4288 Vide
260 4235 382 4306 Thucyd.
409 4235 433 4298 l,
461 4239 517 4288 138.
543 4232 706 4302 Singulmem
758 4233 904 4300 Themist3
923 4233 1065 4288 otneste.
1080 4235 1135 4298 111,
1154 4241 1242 4290 57.-
1261 4235 1294 4288 Iu
1354 4219 1370 4272 ‘l
1406 4267 1413 4280 =

173 4321 245 4370 enim
262 4322 316 4373 eius
338 4321 490 4372 memoriam
513 4319 644 4390 praedicnt
661 4321 706 4371 Ci·
757 4321 846 4370 Asiam
856 4315 939 4369 rediit.
954 4314 1059 4369 Scilicet
1071 4319 1215 4385 minorem,
1226 4337 1293 4392 qum

174 4419 234 4456 cero
246 4403 278 4456 ste
294 4405 379 4460 tinto.
393 4407 425 4468 11,
438 4408 479 4470 ³²3
492 4421 539 4456 nec
554 4421 607 4456 non
620 4403 706 4459 vater.
758 4401 836 4457 hodie
854 4401 976 4456 Anatolio
990 4399 1094 4458 dicitur.
