3660 5740
428 576 485 638 12
730 529 975 633 ¹¹cormunis
1006 566 1186 650 utrorrs

417 763 619 872 visumst,
639 775 792 873 Tacito,
819 775 955 868 Plinio,
973 771 1266 868 Cassiodoro,'et
1285 776 1479 856 Antonino
1498 779 1541 858 in

419 900 620 975 Itinerario
637 909 883 988 memoratus,
904 891 1095 998 hodieque
1122 892 1393 972 ecclesiasticae
1419 899 1541 976 Vero-

418 1019 591 1093 nensiurn
611 1003 862 1090 iurisiliotionl
882 1010 1066 1088 subditus.
1084 1013 1294 1089 Historicus
1312 1014 1374 1090 hic
1391 1015 1541 1092 Cicero·

419 1138 479 1210 nis
506 1136 646 1208 amicus
672 1130 865 1206 familiaris
893 1158 914 1203 a
940 1127 1064 1205 Gellio
1090 1146 1249 1231 vocatur
1273 1129 1339 1207 lib.
1356 1133 1438 1224 XV,
1457 1161 1539 1240 cap.

426 1257 486 1330 28.
506 1253 692 1328 Chronica
719 1252 930 1355 scripsisse,
959 1251 1066 1324 testis
1093 1267 1149 1325 est
1174 1248 1274 1324 idem
1302 1248 1446 1328 Gellius
1472 1251 1542 1331 lit.

419 1373 579 1463 XXVII,
605 1397 688 1473 cap.
706 1396 766 1446 αι.
792 1370 837 1444 Iu
860 1370 916 1445 his
931 1395 1003 1474 pro
1024 1367 1165 1474 triplici
1187 1383 1378 1472 tempore,
1401 1364 1539 1475 ἀδήλῳ,

421 1493 560 1592 materen,
587 1483 641 1562 καὶ
669 1488 817 1590 ἱστορικῷ
844 1486 1078 1588 (dequibus
1106 1515 1152 1562 ex
1183 1487 1356 1563 Varrone
1381 1503 1419 1561 et
1440 1485 1541 1580 aliis,

418 1603 519 1679 libro
547 1603 595 1677 de
625 1619 704 1678 arte
724 1604 914 1694 historica,
941 1601 1150 1703 diximus),
1177 1620 1253 1680 tres
1271 1602 1423 1680 videtur
1441 1607 1537 1686 scri-

419 1724 536 1826 psisse
555 1720 689 1816 libros,
713 1747 756 1795 ao
773 1718 929 1824 singulis
947 1721 1061 1796 unius
1080 1724 1260 1824 temporis
1286 1723 1543 1800 narrationem
1624 1717 1629 1729 ’

421 1864 500 1914 esse
530 1833 757 1938 complexus.
790 1837 888 1910 Saue
921 1851 997 1910 tres
1027 1835 1144 1912 libros
1175 1834 1307 1912 fecisse
1337 1841 1541 1942 Nepotem,

421 1954 559 2056 quibus
574 1980 685 2029 omne
704 1951 1204 2056 aevum'cornprehenderit,
1218 1952 1365 2056 liquido
1383 1971 1543 2031 testatur

420 2069 588 2149 Catullus
621 2072 727 2144 initio
761 2064 1174 2174 herdhasyllaborum.
1206 2067 1287 2148 Nec
1321 2071 1542 2148 historicum

421 2205 569 2292 tempus
597 2187 643 2262 ab
662 2215 705 2264 eo
733 2187 853 2264 solum
877 2214 955 2264 esse
975 2203 1189 2276 tractatum,
1208 2185 1349 2264 indicio
1371 2205 1426 2264 est
1445 2185 1544 2264 illud

420 2307 599 2384 Ausonii:
632 2303 865 2408 «Apologos
891 2307 1052 2395 Titiani,
1083 2320 1121 2381 et
1151 2305 1307 2408 Nepotis
1332 2305 1542 2400 Chronica,
1568 2393 1571 2406 ⁵

421 2427 529 2525 quasi
550 2423 643 2499 alios
670 2421 852 2528 apologos
873 2423 890 2525 (
908 2451 993 2497 nam
1015 2439 1053 2498 et
1079 2425 1159 2528 ipsa
1186 2424 1303 2498 instar
1328 2420 1543 2500 fabularum

419 2538 561 2638 sunt),
580 2539 627 2612 ad
649 2538 883 2614 nobilitatem
904 2557 1006 2614 tuam
1026 2541 1155 2614 misi.»
1180 2540 1274 2613 Item
1294 2565 1417 2628 exeo,
1437 2539 1543 2644 quod

420 2653 679 2732 Tertullianus
713 2657 752 2728 in
784 2653 1030 2758 Apologetioo
1063 2655 1243 2730 adversus
1280 2672 1409 2754 gentes
1439 2655 1543 2758 (ubi

420 2799 505 2848 eum
527 2777 626 2846 inter
654 2773 923 2872 antiquitatum
943 2788 1256 2847 commentatores
1280 2770 1449 2848 disertior
1476 2799 1539 2848 re·

420 2887 556 2994 ponit)
583 2889 694 2980 dicit,
715 2887 819 2962 haud
837 2886 942 2961 aliud
968 2889 1187 2978 Saturnum,
1205 2916 1320 2992 quam
1338 2891 1543 2983 hominem,

421 3004 688 3110 promulgasse.
716 3003 827 3099 Quod
842 3007 954 3080 etiam
967 3006 1185 3082 Lactantius
1200 3005 1317 3080 tradit
1334 3006 1400 3082 lib.
1413 3011 1443 3100 I,
1460 3034 1542 3114 cap.

426 3128 483 3200 13.
503 3125 670 3224 Reliquit
684 3138 879 3226 praeterea
894 3120 1013 3197 libros
1033 3121 1243 3198 Illustrium
1254 3129 1434 3219 virorum,
1448 3157 1544 3231 quo·

418 3267 505 3318 rum
525 3239 671 3316 Gellius
699 3241 870 3314 meminit
897 3237 965 3314 lib.
993 3237 1059 3334 Xl,
1086 3267 1167 3346 cap.
1196 3243 1233 3333 8,
1264 3253 1302 3318 et
1324 3245 1477 3322 Servius
1503 3249 1545 3322 in

420 3363 435 3432 1
451 3356 608 3434 Aeneid.
626 3361 767 3432 Eorum
786 3355 923 3430 librum
940 3358 969 3444 l,
987 3357 1061 3430 XV
1079 3375 1116 3432 et
1134 3361 1221 3433 XVI
1237 3362 1327 3434 citat
1344 3361 1543 3441 Charisius.
1575 3373 1576 3381 ’

418 3480 475 3553 Ex
494 3476 552 3549 his
574 3473 754 3548 habemus
777 3476 910 3576 viginti
931 3471 1026 3570 duos
1048 3491 1260 3550 exterarum
1279 3481 1449 3581 gentium
1467 3467 1539 3558 im·

418 3609 627 3698 pecatores.
647 3593 789 3666 Ceteris
809 3589 917 3665 libris
938 3591 1053 3692 egisse
1073 3589 1120 3664 de
1137 3595 1325 3688 Romanis,
1342 3597 1436 3672 haec
1463 3601 1544 3675 eius

418 3709 535 3788 verba
562 3707 768 3786 ostendunt
801 3710 842 3781 in
870 3713 1038 3784 extrema
1062 3709 1279 3786 Hannibalis
1306 3714 1402 3788 vita:
1433 3715 1545 3792 «sed

417 3854 488 3905 nos
517 3842 663 3930 tempus
682 3843 738 3902 est
753 3826 867 3900 huius
887 3825 975 3900 libri
993 3823 1119 3902 facere
1138 3823 1272 3920 linem,
1293 3845 1333 3904 et
1356 3832 1544 3910 Romano·

417 3975 503 4025 rum
534 3945 724 4051 explicare
751 3946 1018 4049 imperatorem
1047 3951 1067 3996 ⁴·
1090 3971 1168 4047 quo
1201 3944 1371 4040 facilius,
1394 3947 1542 4028 collatis

416 4082 669 4168 utrorumque
696 4060 822 4160 factis,
841 4064 910 4168 qui
936 4064 1007 4142 viri
1027 4061 1271 4167 praeferendi
1298 4065 1391 4176 siut,
1423 4069 1543 4172 possit

592 4173 609 4210 Ο

452 4287 494 4353 (t)
508 4287 537 4339 ln
552 4286 645 4357 quibus
658 4295 748 4340 eratet
761 4285 952 4350 lubinenses,
1005 4284 1109 4355 ginibus
1126 4301 1231 4350 rerum,
1258 4305 1283 4357 p.
1306 4293 1347 4343 ⁴72
1369 4305 1380 4338 r
1390 4286 1501 4358 Scripsit
1517 4291 1544 4339 et

418 4377 483 4426 teste
491 4367 625 4424 Gulielmo
641 4370 786 4442 Postregico
798 4369 952 4440 Veronensi,
1006 4367 1065 4424 lulii
1082 4370 1153 4422 Caes,
1166 4370 1246 4424 vitam
1268 4380 1295 4426 et
1313 4379 1446 4446 tempora,
1468 4370 1543 4432 cuius

417 4457 525 4522 homine
538 4454 715 4528 quartidecimi
729 4453 833 4526 saeculi,
846 4459 887 4512 De
897 4456 955 4513 Ori·
1005 4455 1080 4518 fulsit
1095 4456 1260 4530 temporibus.
1275 4479 1287 4512 r
