3398 5640
134 930 140 942 Q
238 1005 244 1069 ³
292 890 323 1075 s·
374 1013 966 1183 ‘PRAEFATIO
1175 906 1188 966 ⁵
1247 948 1256 1197 ζ

260 1304 650 1472 ῬΑΗῙΒΗἪι
695 1374 1108 1474 neironis
1165 1460 1176 1499 ‚
1250 1422 1254 1431 -

563 1688 788 1726 -Φ-

128 2000 267 2143 Quum
291 2037 365 2115 iam
389 2038 620 2145 saepissime,
657 2037 756 2143 apud
782 2063 907 2117 omnes
932 2022 1070 2121 litteras
1102 2049 1251 2137 gentes,

128 2153 193 2233 viri
221 2155 321 2233 omni
347 2154 593 2235 doctrinarum
620 2157 841 2265 supellectile
858 2155 1136 2254 instructissimi,
1157 2152 1251 2235 Cor-

129 2271 214 2347 nelii
240 2273 391 2374 Nepotis
418 2300 569 2349 aureum
589 2271 752 2350 libellum
771 2275 810 2353 in
826 2275 946 2353 lucem
965 2273 1160 2370 emiserint,
1183 2270 1252 2351 hac

127 2403 250 2464 nostra
278 2391 462 2491 scriptoris
489 2390 740 2489 elegantissimi
757 2380 857 2467 'nova
884 2391 1041 2466 editione
1067 2403 1252 2464 tantorum

128 2504 289 2609 pirorum
313 2503 476 2585 laborem
502 2507 693 2607 aemulari,
717 2509 836 2585 multo
861 2508 983 2587 minus
1008 2507 1158 2603 eleuare,
1183 2530 1252 2581 ne·

127 2645 310 2724 quaquam
334 2623 448 2699 menti
476 2625 644 2698 occurrit.
694 2622 778 2701 Imo
803 2649 895 2720 nos,
921 2648 1015 2725 quae
1038 2620 1253 2695 facultatum

126 2751 163 2839 et
189 2735 400 2813 eruditionis
427 2751 571 2811 nostrae
597 2735 786 2815 infirmitas
814 2751 894 2835 est,
931 2737 1080 2810 minime
1108 2735 1254 2813 deceret

125 2850 259 2928 horum
284 2851 436 2948 menda,
462 2851 610 2954 siquid
636 2865 699 2926 aut
725 2853 940 2953 negligentes
967 2845 1031 2931 aut
1056 2849 1139 2929 sessi
1165 2879 1253 2955 pec·

125 2969 306 3069 caverint,
348 2967 564 3068 investigare
590 2981 627 3042 et
652 2969 846 3072 persequi,
889 2982 1084 3073 postquam
1118 2962 1252 3045 lalioris

124 3111 251 3161 eorum
277 3085 381 3187 quasi
407 3110 557 3159 succum
596 3083 749 3181 elicere,
788 3082 893 3159 nobis
933 3084 1024 3161 utile
1049 3081 1250 3163 admodum

124 3201 426 3302 fructuosumque
452 3201 571 3275 visum
596 3197 716 3277 luerit)
762 3199 947 3297 Quoniam
972 3201 1079 3300 igitur
1106 3198 1152 3275 de
1177 3200 1258 3293 cla-‚

124 3317 275 3391 cissimis
301 3317 372 3391 illis
399 3314 611 3411 editoribus,
638 3314 837 3415 Lambino,
862 3314 985 3413 Bosio,
1011 3313 1252 3417 Heusingero,

123 3435 364 3537 pluribusque
389 3433 608 3535 nuperrimis
628 3431 742 3506 fusius
762 3431 862 3535 loqui
882 3431 1002 3535 pudor
1021 3444 1118 3510 vetat
1139 3446 1251 3537 atque

121 3550 200 3653 ipsa
227 3552 320 3649 grati
346 3551 456 3624 animi
483 3550 681 3645 memoria,
726 3550 944 3653 peculiarem
973 3561 1115 3625 nostrae
1140 3549 1267 3627 huius'

124 3666 291 3742 editionis
318 3665 478 3740 indolem
503 3664 728 3769 paucissimis
768 3663 884 3740 serbis
924 3691 1138 3767 expromere
1164 3666 1249 3740 satis

123 3783 202 3859 erit.

174 4011 369 4114 Principio,
394 4025 438 4087 ut
463 4015 538 4116 ipsa
565 4014 716 4116 Nepotis
742 4011 850 4087 verba
877 4040 986 4116 quam
1014 4014 1169 4088 maxime
1190 4013 1247 4086 in-

121 4141 218 4226 tegra
236 4143 471 4232 accurateque
484 4128 541 4202 hic
557 4128 821 4233 proferrentur,
835 4155 1006 4228 magnum
1021 4157 1152 4230 operae
1166 4155 1249 4229 pre·

120 4246 215 4351 ,tium
241 4243 323 4323 suit.
351 4239 471 4346 Ergo,
483 4246 648 4347 quamvis
666 4245 807 4348 saepius
825 4246 1102 4348 Bipontinorum
1120 4245 1247 4320 lectio·

122 4388 208 4475 pem
229 4358 406 4439 ¹fuerimus
433 4363 570 4461 secuti,
613 4362 811 4441 innumeris
846 4375 965 4438 tamen
991 4362 1029 4435 in
1055 4362 1155 4461 locis,
1182 4363 1246 4469 qui
