3528 5780
549 405 643 532 338
857 533 858 536 p
1015 433 1195 497 srrrovs

499 683 502 690 ·
546 633 849 740 duceretNeque
860 631 998 710 idlecit
1008 645 1143 710 natura
1154 631 1520 736 solum,quan'quam
1530 661 1666 714 omnes

547 761 580 831 ei
601 757 832 859 paremuss³
851 751 917 828 sed
943 754 1053 826 ctiam
1073 750 1260 828 doctrina.
1273 751 1364 827 Nam
1387 769 1424 827 et
1442 753 1666 858 principum

545 869 860 976 philosophorum
881 871 932 944 ita
950 885 1130 975 percepta
1157 867 1288 944 habuit
1317 886 1532 974 praecepta,
1552 887 1598 945 ut
1617 875 1664 948 iis

537 986 597 1062 *nd
614 988 728 1062 vitam
746 983 939 1087 agendam,
961 1011 1039 1060 non
1057 983 1103 1058 ed
1122 985 1408 1060 ostentationem
1425 990 1440 1036 ⁴
1459 1002 1648 1062 uteretur.

581 1099 737 1178 ·XVIIl.
748 1103 865 1178 Moris
878 1108 888 1152 ⁴
910 1101 1021 1176 etiam
1032 1095 1213 1176 maiorum
1226 1127 1390 1176 summus
1401 1103 1566 1178 imitator
1577 1103 1663 1192 fuit,

459 1297 465 1308 ,
548 1222 854 1324 antiquitatisque
871 1235 1039 1294 amator:
1061 1245 1175 1320 quam
1196 1215 1290 1294 adeo
1309 1217 1513 1320 diligenter
1531 1220 1662 1295 habuit

548 1341 747 1439 cognitam,
773 1352 817 1409 ut
847 1361 928 1410 eam
956 1339 1073 1410 totam
1090 1336 1130 1410 in
1158 1359 1205 1409 eo
1223 1331 1413 1432 volumine
1434 1339 1663 1436 exposuerit,

548 1480 627 1555 quo
641 1453 877 1552 magistratus
892 1448 1090 1548 ordinavit.
1103 1448 1216 1524 Nulla
1237 1449 1336 1524 'enim
1346 1447 1421 1544 les,
1438 1478 1566 1551 neque
1575 1479 1665 1556 pnx,

548 1594 673 1673 neque
699 1565 852 1658 bellum,
866 1591 992 1668 neque
1011 1591 1070 1640 res
1089 1563 1243 1641 illustris
1263 1579 1322 1642 est
1337 1565 1472 1672 populi
1491 1569 1666 1658 Romani,

548 1712 647 1787 quae
663 1711 741 1760 non
761 1685 801 1756 in
819 1708 878 1781 eo,
893 1701 965 1758 suo
984 1699 1167 1786 tempore,
1182 1683 1230 1758 sit
1248 1697 1377 1758 notata
1387 1698 1460 1775 ;·et‚
1474 1683 1579 1784 quod
1591 1683 1668 1757 dit·

451 1815 454 1820 ·
548 1797 758 1872 ficillimum
775 1800 859 1888 fuit,
877 1801 930 1873 sic
941 1795 1164 1872 familiarum
1177 1799 1359 1900 originem
1371 1797 1575 1892 subtexuit,
1594 1799 1669 1874 ²ut

546 1903 662 1991 exeo
683 1914 874 1988 clarorum
892 1915 1057 1989 virorum
1077 1917 1301 2018 propagines
1322 1917 1505 2019 possimus
1519 1935 1668 2022 cogno-

539 2057 667 2106 ·scere.
689 2031 794 2104 Fecit
812 2026 885 2103 hoe
903 2027 1003 2104 idem
1029 2033 1230 2132 separatim
1252 2033 1293 2104 in
1311 2031 1391 2108 aliis
1409 2029 1536 2106 libris:
1556 2050 1601 2106 ut
1610 2036 1670 2112 M.

470 2173 474 2178 ’
540 2147 657 2240 ,Bruti
668 2150 687 2198 '³
705 2162 842 2248 rogatu
859 2143 1005 2218 Iuniam
1024 2143 1201 2260 familiam
1216 2149 1373 2252 e‘stirpe
1387 2147 1434 2223 ad
1451 2149 1547 2226 hanc
1564 2164 1669 2227 aeta-

547 2283 625 2364 tem
635 2262 769 2340 ordine
787 2265 1035 2367 enumerarit,
1053 2270 1203 2353 notans,
1225 2267 1303 2363 qui,
1320 2291 1429 2372 aquo
1440 2265 1556 2360 ostiis,
1565 2293 1670 2368 qnos

548 2377 967 2500 honores,'quihusque
992 2381 1224 2485 temporibus
1249 2383 1421 2484 cepisset.
1446 2383 1532 2458 Pari
1550 2381 1668 2460 modo

539 2693 542 2698 ’
583 2687 627 2755 (3)
647 2685 796 2756 Quanquam
813 2703 897 2740 omues
917 2691 941 2739 εἰ
959 2703 1083 2762 parennis.
1133 2685 1235 2756 scripsit
1258 2703 1318 2739 eum
1344 2684 1441 2740 librum
1464 2683 1608 2746 Annalem,
1635 2695 1670 2738 ut

549 2769 594 2824 Sic
606 2769 671 2822 olim
691 2769 850 2843 chrysippus
867 2763 1027 2824 clamitihu:
1045 2769 1082 2824 ‘lo'
1133 2778 1220 2823 noster
1234 2763 1359 2824 indicavit
1379 2767 1407 2821 in
1423 2765 1558 2822 Hannibal.
1577 2767 1668 2832 Xlll3

549 2853 619 2913 stlat
631 2844 698 2904 cisat
718 2852 861 2914 ἀκολούθως
877 2859 911 2933 τῇ
933 2852 1005 2922 φύσει
1026 2855 1084 2930 ζῇν.
1134 2851 1209 2906 etsie
1226 2855 1253 2907 in
1268 2854 1321 2907 Cic.
1338 2852 1370 2908 sd
1384 2855 1439 2908 Ae.
1449 2853 1510 2919 Xll,
1524 2855 1567 2916 23,
1577 2853 1670 2924 eppei·

549 2933 625 2990 Adde
639 2937 762 2987 Senecam
774 2934 806 2987 de
818 2935 1006 3004 Vitabeotdll:
1023 2955 1033 2987 ιι
1043 2941 1085 2990 lu·
1134 2931 1217 2998 latur,
1237 2935 1282 3006 qui
1299 2952 1359 2987 eum
1372 2933 1557 3005 ssepelsudat,
1581 2944 1608 2986 et
1620 2953 1666 2986 se·

550 3018 639 3079 terim,
654 3017 723 3086 quod
737 3019 805 3072 inter
813 3035 905 3070 omues
913 3019 1011 3088 Stoicos
1023 3035 1084 3072 oon·
1134 3018 1328 3086 ptingentorurn
1358 3031 1484 3070 annosum
1511 3015 1670 3068 memoriam

550 3100 631 3166 venit,
649 3117 736 3152 rerum
762 3110 868 3154 naturae
891 3103 1024 3156 assentior.
1042 3102 1083 3158 Ab
1134 3100 1290 3154 continuisse
1307 3097 1670 3154 affirmatius-Ordina-

440 3215 442 3220 ·
550 3178 598 3234 illa
616 3197 669 3234 non
684 3181 812 3245 deerrare,
823 3191 848 3234 et
861 3182 892 3235 ad
909 3182 979 3238 illius
997 3182 1084 3255 legem
1134 3187 1177 3237 vit.
1193 3184 1223 3245 ld
1237 3192 1286 3248 est,
1299 3183 1432 3253 disposuit,
1444 3193 1479 3244 et,
1492 3193 1521 3236 ut
1535 3201 1595 3235 mor
1608 3183 1669 3253 ipse

550 3258 750 3333 exemplumque
761 3265 877 3328 formeri,
888 3266 1082 3334 sapientiam·
1133 3261 1249 3337 loquitur
1261 3266 1356 3334 Nepos,
1373 3287 1415 3319 suo
1426 3283 1544 3338 picemque
1556 3279 1670 3336 tempore

509 3403 512 3408 .
584 3347 626 3412 (4)
644 3342 707 3399 Non
721 3347 756 3399 ad
772 3353 970 3400 ostentationem.
984 3341 1084 3402 Eorum
1133 3355 1239 3416 notavit,
1264 3351 1350 3403 ordine
1365 3347 1523 3404 enumeravit.
1547 3349 1587 3403 lta
1603 3367 1670 3404 cuns

550 3427 641 3493 instar,
663 3429 696 3482 de
719 3429 813 3500 quibus
837 3429 871 3482 D.
890 3431 1082 3502 Hieronymus,
1133 3433 1223 3487 Vossio
1237 3443 1263 3486 et
1277 3433 1382 3487 barthio
1395 3425 1464 3487 malo
1476 3433 1573 3504 legere,
1585 3451 1669 3506 quam

434 3557 436 3564 ,
550 3512 623 3582 epist.
635 3515 758 3568 XXXIV:
778 3513 975 3585 sl’bilosopbus‚
988 3513 1085 3587 gloriae
1135 3535 1195 3571 cum
1211 3517 1269 3571 aliis
1285 3519 1389 3570 ‘ornavit
1478 3571 1481 3576 ,

550 3597 656 3661 animal,
670 3609 697 3654 et
713 3595 842 3670 popularis
854 3615 932 3652 surse
944 3597 997 3652 vile
1010 3601 1084 3652 men'.

551 3683 677 3752 cippum
1166 3651 1208 3717 (2)
1223 3646 1515 3718 Sutsaumtleganter,
1527 3643 1554 3698 id
1568 3645 1674 3712 cst,iu-

1134 3733 1221 3800 seruit,
1237 3749 1324 3786 renim
1342 3749 1458 3784 summae
1478 3731 1626 3786 admiscuit.
1637 3759 1685 3784 -.

1134 3817 1301 3886 Propagines:
1323 3815 1473 3886 Metrpborr
1486 3813 1519 3868 ab
1532 3814 1672 3868 arboribus

1121 3897 1218 3968 -ductu3
1236 3900 1338 3971 gallice,
1357 3899 1384 3951 la
1395 3893 1553 3970 ge'rtdrlbgie.

584 3769 626 3835 (t)
638 3767 728 3822 Moris.
748 3769 799 3822 Pro
817 3785 922 3820 morums
943 3767 978 3820 lte
996 3776 1083 3823 sutem

550 3847 635 3904 solent
647 3851 791 3923 scriptores.
812 3849 955 3921 slngurtha
971 3851 1015 3904 ubi
1032 3868 1081 3904 ns-

551 3944 637 3986 tursm
661 3933 747 3988 Publii
772 3931 926 4003 Scipionis,
952 3935 998 4003 qui
1026 3943 1083 3987 tunt

551 4017 673 4072 Romanis
691 4020 833 4090 imperator
852 4029 921 4082 erat,
937 4029 964 4072 et
985 4037 1082 4072 morem
1166 4017 1206 4087 (3)
1224 4017 1266 4068 M.
1289 4015 1373 4072 Bmts‘.
1388 4015 1442 4084 Qui
1459 4015 1508 4068 tuit
1533 4032 1563 4066 ex
1588 4023 1678 4084 gente

468 4131 471 4138 ⁴
525 4144 528 4156 ,
550 4099 664 4154 bostium
687 4103 838 4174 cognocite
857 4101 919 4158 Sall.
946 4104 1000 4174 lug.
1023 4103 1081 4155 vlt.
1133 4100 1213 4154 lunia.
1231 4099 1303 4152 Gens
1317 4107 1404 4174 autern
1422 4099 1495 4151 lunis
1507 4115 1602 4150 sussex
1617 4115 1673 4152 no·

554 4183 648 4237 sNibil
660 4203 766 4256 usquam
784 4185 863 4256 prisci
876 4198 903 4239 et
919 4185 1013 4258 integri
1029 4201 1082 4239 nso·
1132 4182 1276 4247 bilissimis,
1290 4199 1356 4252 quiae
1370 4199 1384 4233 a
1398 4182 1518 4236 Troianis
1535 4189 1562 4233 ct
1578 4181 1676 4236 benet

551 4272 617 4321 rice
635 4271 695 4324 Tac.
711 4273 745 4324 Δ.
756 4270 777 4336 l,
791 4277 855 4324 4.-
868 4270 1012 4328 Volumina.
1034 4273 1078 4324 ln·
1132 4269 1259 4337 originem
1274 4263 1442 4337 mmpse'rant.
