3398 5640
305 641 1440 689 ffl-

833 787 898 878 tx

663 1008 1068 1156 CONON

754 1318 981 1356 -οο-

708 1541 1013 1602 tuevttettrvn

299 1689 362 1750 cu.
375 1694 398 1761 ¹3
410 1688 599 1759 Peloponnesio
610 1684 680 1740 bello
691 1685 760 1740 bene
771 1685 806 1740 ts
822 1684 958 1756 republica
974 1693 1090 1738 mereim
1105 1685 1207 1740 Coum.
1222 1715 1253 1728 -
1265 1688 1301 1752 115
1314 1685 1428 1745 Atticis

364 1770 464 1844 patriae
475 1768 560 1833 rebus,
574 1767 737 1822 Pharnabazo
750 1777 839 1820 eontra
846 1768 984 1838 Qartanoe
993 1769 1049 1819 usai
1060 1764 1204 1833 tote-tu,
1215 1766 1438 1845 Tissaphernem·

365 1864 543 1913 mutamus,
568 1868 616 1921 per
631 1848 730 1904 litteras
753 1850 805 1920 agit
825 1868 886 1903 cum
903 1851 1051 1902 Annene
1071 1850 1321 1920 -1V38psrtanos
1340 1850 1425 1903 vincit

363 1933 432 2006 apsel
450 1932 577 1988 Cnidum.
598 1931 707 1985 Graecia
723 1929 887 1985 liberatores
910 1931 979 1984 muri
996 1930 1195 1985 Atheniensium
1212 1935 1372 1984 reficiuntur.
1385 1957 1421 1972 -

363 2016 400 2085 Ἲς
414 2018 519 2070 louiam
534 2025 561 2069 et
573 2012 694 2071 Aeoliam
707 2011 911 2069 Atheniensibus
926 2012 1124 2080 restitutum
1136 2011 1258 2066 Tiribazo
1271 2014 1298 2066 ln
1315 2009 1423 2066 vincula

366 2095 515 2152 coniicitur.

296 2239 463 2396 Corum
479 2302 733 2397 Atheniensis,
760 2311 772 2356 ⁴
792 2300 1068 2407 Peloponnesio
1084 2299 1186 2379 bello
1202 2297 1420 2378 necessitati

295 2420 582 2527 rempublicam,
607 2425 648 2501 in
674 2448 798 2526 eoque
825 2424 905 2500 cius
932 2448 1047 2525 opera
1060 2420 1187 2526 magni
1213 2421 1299 2497 luit.
1323 2422 1417 2497 Nam

294 2557 334 2616 et
351 2558 507 2648 praetor
524 2540 766 2651 pedestribus
791 2542 807 2591 ²
826 2538 1053 2618 exercitibus
1067 2538 1248 2646 praefuit,
1263 2547 1417 2643 etprae-

292 2657 417 2738 iectus
434 2658 562 2740 classis
587 2689 648 2739 res
673 2685 827 2766 magnas
844 2660 938 2734 mari
966 2660 1091 2763 gessit
1108 2660 1210 2751 Quas
1224 2655 1276 2732 ob
1289 2682 1419 2732 causus

294 2780 525 2885 praecipuus
549 2780 585 2856 ei
620 2777 743 2858 honos
768 2776 919 2854 habitus
945 2795 1012 2854 est.
1039 2778 1213 2881 Namque
1238 2774 1414 2850 omnibus

209 2962 215 2971 .
291 2916 391 2972 unus
409 2895 542 2971 insulis
568 2895 746 3001 praefuit.
773 2898 788 2946 ³
815 2896 863 2969 Iu
891 2922 966 2997 qua
979 2908 1163 2996 potestate
1189 2893 1329 2969 Pheras
1355 2917 1417 2967 ce·

290 3011 361 3117 ptr,
386 3007 577 3089 coloniam
593 3012 994 3090 Lacedaemoniorum.
1007 3013 1099 3087 Fuit
1118 3014 1230 3088 etiam
1247 3025 1416 3089 extremo

324 3232 370 3302 (t)
383 3229 488 3297 Corma,
504 3232 676 3287 Arbmletuis.
696 3229 829 3288 Timothei
880 3231 973 3306 quinto
987 3240 1013 3287 et
1026 3232 1161 3298 vicesimo,
1177 3253 1238 3290 cum
1251 3234 1309 3291 allis
1320 3254 1416 3293 norem

292 3312 381 3371 hlium
408 3327 484 3372 vocat
506 3335 567 3372 eum
587 3316 722 3372 Pausanias
743 3319 788 3384 ttt,
804 3323 829 3374 9.
880 3316 1042 3392 praetoribus
1059 3317 1187 3374 Alcibiadi
1206 3321 1337 3376 suffectus.
1351 3321 1416 3376 vid.

289 3400 366 3456 ttosc
377 3399 511 3455 divermm
522 3419 577 3456 essa
589 3421 603 3456 a
617 3404 735 3469 Conone,
747 3413 828 3457 astro·
880 3403 987 3459 Diodor.
1002 3405 1075 3468 Xlll,
1092 3411 1135 3470 7⁴5
1148 3405 1270 3479 Xenopls.
1283 3408 1351 3462 llist.
1367 3406 1418 3463 Gr.

287 3481 351 3557 logo
363 3484 472 3551 Samio,
496 3484 661 3543 Archimedis
683 3485 784 3558 aequali
801 3496 828 3541 et
880 3489 903 3553 l,
916 3490 944 3542 cl
957 3491 1086 3544 lustinum
1099 3491 1133 3554 V,
1146 3492 1173 3546 5.

287 3566 425 3635 lamiliari,
446 3569 600 3626 iamdumm
616 3588 633 3625 a
648 3569 714 3625 viris
725 3569 825 3636 tuctu,
914 3577 958 3644 (3)
978 3573 1101 3628 Omnibus
1115 3595 1176 3629 urnas
1187 3579 1277 3631 mutia
1293 3578 1415 3650 praefuit.

286 3647 358 3707 haut
369 3652 424 3709 seio
440 3673 475 3709 an
491 3654 644 3728 pueriliter,
659 3658 826 3712 observatum
877 3659 934 3711 Hoc
949 3678 1036 3731 neque
1050 3658 1118 3730 apud
1141 3659 1306 3725 Diodorum,
1331 3680 1415 3732 neque

286 3746 337 3796 eat.
879 3741 946 3814 apud
976 3744 1201 3816 Xenophontem,
1233 3763 1316 3817 oeque
1346 3745 1413 3815 apud

319 3827 365 3895 (2)
375 3823 489 3881 Praetor
497 3827 662 3898 mamitus.
675 3836 725 3885 etc.
743 3827 825 3884 Prae·
878 3827 959 3881 alium
970 3846 1130 3902 quemquam
1145 3831 1283 3902 reperitur,
1296 3830 1347 3882 nisi
1360 3830 1414 3883 lor·

283 3917 325 3961 tor
336 3917 425 3964 tamen
439 3928 455 3965 e
470 3921 561 3966 norim
576 3911 610 3967 tle
624 3916 825 3990 classiani-refi-
879 3920 905 3967 te
922 3911 950 3967 id
969 3923 1073 3988 tempus
1097 3915 1279 3989 intelligatur,
1296 3930 1348 3983 quo
1365 3915 1410 3968 vi·

280 4004 335 4059 rto,
352 3997 381 4050 in
393 3994 481 4053 alsit.
496 3999 567 4065 vm,
583 3998 611 4052 it
623 3999 698 4065 alibi,
711 4019 819 4072 usurpa·
876 4000 926 4051 ctis
949 4000 1017 4071 aputl
1042 3999 1156 4056 Cnidum
1182 3998 1410 4066 Lacedaemoniis,

281 4083 333 4131 tur.
355 4080 469 4135 Praeluit
484 4091 572 4135 sutem
595 4085 728 4153 primum,
751 4103 823 4137 anuo
875 4084 1015 4140 adiuvante
1031 4087 1208 4151 Pharnabazo,
1222 4086 1355 4138 Persarum
1369 4104 1411 4140 re·

279 4152 387 4215 hoines
409 4160 474 4216 belli
496 4161 610 4218 oemndo
624 4174 652 4219 et
677 4164 820 4231 vicesimo,
874 4168 917 4235 gis
930 4168 1004 4221 classi
1022 4170 1172 4240 praefectus,
1185 4184 1275 4222 omnes
1288 4166 1411 4222 insulasa

279 4238 346 4296 dum
358 4246 515 4318 Corcyram,
531 4256 596 4301 teste
609 4245 727 4302 Diodoro
746 4249 820 4317 xflt,
873 4249 1094 4323 Lacedaemoniis,
1113 4264 1142 4309 ut
1161 4251 1230 4309 lnlra
1259 4254 1407 4323 uidebitur,

276 4329 323 4395 ts,
338 4329 472 4403 muto
494 4329 630 4402 hasta
645 4329 727 4404 isin,
749 4349 821 4391 anno
873 4338 978 4398 avertit.
