3660 5740
513 505 519 516 ’
647 549 876 616 mammons
1075 561 1082 578 ·
1172 519 1315 632 263

197 759 373 849 Athenis,
400 713 604 866 tohmque
617 755 819 836 Graeciam
851 756 1049 852 liberarat,
1073 755 1159 836 talis
1188 758 1318 838 honor

198 875 361 955 tributus
381 871 507 966 est‚'in
526 877 691 980 porticu,
711 905 807 978 quae
825 877 976 953 'Poecile
993 893 1167 972 vocatur,
1193 905 1316 980 quum

195 1021 327 1100 pugna
352 991 624 1099 depingeretur
641 996 893 1088 Marathonia,
921 1013 964 1072 ut
982 995 1024 1070 in
1050 995 1181 1092 decem
1208 1023 1317 1101 prae·

198 1131 322 1188 torum
353 1137 517 1222 numero
544 1114 665 1216 prima
693 1114 771 1188 eius
797 1117 921 1220 imago
948 1132 1183 1219 poneretur,
1208 1116 1318 1217 isque

196 1231 417 1308 hortaretur
432 1225 598 1322 milites,
618 1226 885 1336 praeliumque
917 1234 1176 1307 committeret.
1212 1229 1328 1306 Idem·

195 1345 261 1424 ille
278 1345 456 1453 populus,
469 1364 718 1450 posteaquam
735 1349 856 1424 maius
876 1325 1077 1450 imperitior
1098 1364 1154 1424 est
1169 1365 1316 1438 nactus,

196 1480 234 1540 et
252 1462 450 1566 largitione
469 1464 764 1566 magistratuum.
778 1480 983 1568 corruptus
1003 1483 1078 1558 est,
1098 1482 1286 1541 trecentas
1305 1473 1316 1516 ⁴

195 1597 335 1658 statuas
360 1583 556 1660 Demetrio
582 1579 771 1660 Phalereo
791 1583 967 1658 decrevit.
1015 1661 1032 1696 ο
1106 1625 1118 1656 .

245 1700 326 1778 VII.
336 1703 426 1776 Post
451 1699 530 1802 hoc*
547 1697 756 1805 praelium,
773 1702 789 1751 ²
818 1697 979 1778 classem
998 1701 1237 1807 septuaginta
1256 1726 1322 1775 na-

195 1818 294 1895 vium
314 1819 562 1894 Athenienses
576 1811 699 1892 eidem
710 1814 873 1893 Miltiadi
886 1816 1090 1907 dederunt,
1102 1815 1320 1911 ui'insulas,
1414 1895 1415 1900 ,

194 1930 294 2038 qua'e
309 1935 493 2016 barbaros
514 1935 759 2026 adiuverunt,
777 1935 883 2036 hello
900 1953 1215 2043 persequeretur:
1243 1961 1320 2036 quo

194 2055 354 2159 imperio
372 2059 387 2106 ³
405 2055 606 2160 plerasque
624 2053 674 2129 ad
687 2053 849 2170 officium
864 2052 990 2130 redire
1003 2054 1141 2154 coegit,
1153 2047 1322 2156 nonnul·

150 2269 153 2278 ’
193 2290 219 2334 et
236 2281 361 2352 praelium
386 2281 581 2338 committentis.
611 2281 729 2358 Alterum
782 2282 916 2353 simulque
928 2236 1024 2340 imae·
1041 2291 1146 2348 statuae,
1163 2281 1227 2336 dum
1249 2280 1323 2336 sive·

192 2363 317 2418 mitiadis
342 2366 487 2436 praemium
502 2375 605 2437 tropaea
626 2367 746 2422 suerunt.
782 2377 831 2437 ret,
859 2366 964 2422 suerunt
980 2385 1092 2420 eversae.
1125 2369 1156 2422 Iu
1183 2363 1323 2418 solitudine

194 2467 226 2501 es
246 2445 359 2502 hostium
378 2449 524 2514 manubiis,
543 2449 636 2522 quihus
660 2469 688 2504 se
714 2469 730 2503 a
781 2461 871 2506 antem
885 2447 1322 2524 quumserelictumridsret,as·
1394 2515 1398 2520 Ι

192 2547 285 2587 summ
310 2531 426 2603 quotidie
447 2534 552 2586 excitari
577 2531 730 2604 querebatur
781 2534 851 2606 pidia
863 2553 951 2589 morsu
964 2531 1322 2593 necemaihicooscisit·Ad·
1364 2552 1368 2563 a

192 2615 598 2682 animumanimumum,
608 2618 642 2672 iv
652 2620 729 2674 aaa.
781 2622 814 2676 aa
831 2620 986 2685 nasama,
998 2620 1098 2688 arsag.
1117 2601 1233 2671 anea.
1248 2628 1274 2670 a
1288 2615 1321 2669 a

192 2709 220 2754 et
233 2698 300 2755 Plut.
317 2699 413 2756 Them.
781 2702 927 2758 dedtrius
939 2703 973 2756 de
989 2701 1109 2757 Plaudite.

226 2788 268 2854 (t)
284 2784 429 2838 Trecentos.
441 2785 558 2840 Numero
571 2793 658 2840 nosue
675 2783 729 2854 ple·
816 2790 858 2856 (2)
882 2786 946 2840 Post
963 2785 1011 2840 hac
1019 2787 1151 2858 praelium.
1165 2775 1335 2849 Herodotus(

191 2872 330 2924 coutitur.
355 2867 410 2924 Alii
429 2869 510 2937 enim,
526 2874 586 2939 ³⁵⁰5
599 2857 653 2936 ilii,
670 2873 728 2924 ³6⁰.
781 2871 829 2938 Vl,
849 2874 908 2934 ⁴3²,
925 2868 1003 2942 piato
1032 2869 1114 2925 aliter.
1131 2869 1232 2924 'Narrat
1248 2869 1321 2922 enim

190 2953 287 3024 positas
299 2953 378 3007 fuisse
389 2953 511 3024 produnt.
526 2951 591 3020 sed,
605 2963 633 3008 ut
646 2955 731 3026 appri·
783 2974 795 3006 a
811 2953 958 3009 Miltiadem
971 2955 1004 3010 ah
1015 2953 1219 3009 Atheniensibus
1241 2961 1321 3008 na'ves

189 3057 235 3092 use
246 3037 610 3104 imnaaimmvarsiaaosar,
623 3060 634 3090 a
648 3057 726 3110 parva
778 3040 940 3111 septuaginta
954 3049 979 3094 et
995 3040 1139 3094 exercitum
1162 3048 1189 3092 et
1198 3037 1320 3110 mancias

189 3139 298 3176 manera
310 3121 421 3185 diutins,
439 3119 576 3193 locupletia
594 3141 647 3174 non
661 3139 724 3194 pro-
778 3123 892 3194 petiisse,
910 3132 1038 3178 tacentem
1053 3123 1178 3178 adversus
1190 3141 1254 3192 quos
1264 3119 1319 3176 hel·

188 3206 244 3278 pria
265 3224 321 3260 esse
334 3215 500 3262 consuevere.
518 3205 567 3260 Les
584 3209 646 3260 cata
660 3221 727 3261 emus
778 3205 836 3260 lum
857 3209 974 3276 gestuius
987 3214 1062 3260 esset.
1088 3207 1145 3257 Hoc
1162 3213 1262 3257 tantum
1279 3203 1318 3257 eis

187 3305 276 3346 usuca
288 3291 321 3343 de
342 3290 488 3344 dedtrius
508 3291 541 3346 de
556 3288 728 3363 Phaiirefia·
777 3288 936 3362 pollicitum.
949 3308 977 3343 se
991 3307 1034 3342 eos
1046 3287 1279 3362 locupletatumm,
1296 3285 1320 3340 si

188 3387 243 3428 suat
267 3385 346 3428 semu
368 3373 506 3428 reamse'm
521 3374 554 3428 de
569 3392 616 3428 sca
637 3360 725 3428 vireat
778 3393 806 3428 se
822 3382 1008 3446 sequerentur3
1035 3372 1059 3426 ei
1077 3374 1149 3427 anim
1167 3371 1270 3445 regioni
1291 3389 1319 3424 se

188 3460 284 3522 assiam
314 3470 338 3509 et
360 3458 385 3508 ie
400 3458 499 3510 subiecta
519 3460 550 3508 σὺ
576 3457 725 3529 leeourags
776 3455 1111 3523 bellumillaturum,unde
1125 3475 1250 3528 mquam
1265 3455 1319 3509 sim

188 3542 220 3594 de
236 3541 360 3594 Miltiade
376 3539 441 3594 isaia
465 3539 604 3613 repedasset&
621 3542 725 3596 subsisto
776 3545 832 3596 auri
849 3541 924 3596 facile
937 3550 1022 3595 esseut
1042 3539 1129 3604 taturi,
1146 3550 1195 3596 etc.
1217 3541 1317 3594 atan-

187 3625 313 3695 plusieurs
336 3624 422 3678 citetis
448 3621 521 3696 apris
536 3625 581 3678 lai.
599 3623 665 3680 hott.
691 3627 725 3679 Η.
776 3643 859 3682 atras.
880 3623 1008 3677 Videntur
1031 3623 1094 3678 haec
1114 3622 1237 3689 Patauio,
1261 3638 1319 3694 pars

190 3711 256 3762 hoe.
271 3707 290 3762 l.
303 3710 349 3774 v1,
366 3709 407 3762 eh.
423 3717 445 3762 t.
467 3739 502 3752 -
515 3705 725 3764 Pacatianae
754 3723 762 3743 ·
777 3715 797 3768 l.
812 3712 914 3766 Ratlan.
931 3719 1013 3781 temp.
1025 3707 1052 3774 3,
1070 3713 1096 3771 2,
1110 3709 1228 3782 proximo
1249 3724 1319 3768 anno

191 3792 314 3863 Phdaqea
340 3803 426 3866 portu,
455 3793 537 3876 Pimei
565 3796 726 3866 propinquo,
779 3794 811 3849 ab
828 3795 935 3849 victoria
947 3791 1111 3848 Marathonia
1128 3795 1255 3847 evenisse.
1269 3791 1318 3844 Ia-

190 3877 272 3934 dietus
283 3889 321 3934 est
340 3877 497 3933 Demetrius.
514 3879 590 3932 Hunc
606 3878 727 3933 Macedo-
778 3880 845 3934 euim
857 3898 884 3950 q.
897 3877 921 3930 b.
933 3895 960 3932 a.
977 3873 1111 3931 Nimirum
1128 3875 1262 3947 Cycladas.
1353 3885 1357 3893 ’

165 4022 168 4032 ¹
191 3963 250 4017 niae
263 3983 307 4018 rex
319 3963 468 4028 Cassander,
475 3963 565 4035 populi
577 3967 727 4020 auctoritate
813 3966 856 4032 (3)
874 3962 1051 4035 Quoimpers'a.
1072 3960 1169 4034 Supple
1184 3961 1248 4015 dunt
1259 3959 1319 4012 fun·
1351 4007 1356 4020 ,

192 4067 291 4117 eversa,
306 4049 416 4104 Athenis
438 4049 605 4122 praefecerat.
627 4051 726 4104 Decem
778 4055 836 4102 etas
848 4045 1070 4116 cah—Officium.
1082 4049 1102 4098 1.
1115 4063 1140 4098 e.
1154 4041 1320 4098 adobedien·

192 4133 228 4188 ihi
240 4135 314 4190 annis
327 4143 463 4206 postquam
471 4131 632 4205 imperasset,
645 4152 660 4187 a
673 4135 727 4201 De·
778 4133 841 4188 tiam
848 4147 889 4196 ,e
910 4147 963 4202 qua
989 4129 1168 4196 desciverant,
1198 4125 1319 4180 barbaros

192 4215 729 4290 mettioPoliorceta,Aatiganifilio‚quum
778 4233 863 4292 quum
889 4211 1057 4289 adiuvissent.
1083 4213 1126 4266 Its
1142 4211 1171 4266 iu
1186 4211 1317 4277 Cimone,

195 4301 239 4356 ille
251 4303 362 4376 priscam
372 4300 574 4358 Atheniensibus
582 4301 728 4362 liberaum
779 4303 896 4366 Quone,
909 4301 1020 4356 Datame
1028 4308 1056 4354 et
1072 4300 1190 4372 Eumene
1203 4294 1319 4370 loquitur

196 4387 365 4454 restituisset,
390 4384 543 4445 inexilium
565 4387 662 4447 eiectas
674 4393 729 4460 ssia
754 4444 757 4452 f
780 4394 879 4454 nosce.
899 4385 1065 4460 sl’ostquam
1082 4377 1319 4460 maioremslegio·

297 4473 388 4556 coa.
413 4473 506 4558 Nar.
1184 4469 1218 4546 E
