3528 5780
520 552 779 640 rasennam
1135 519 1228 656 359

267 709 273 719 ·
860 699 865 736 l

118 751 248 828 dixere
267 749 375 837 falso,
394 761 433 820 et
456 747 582 852 Nepos
607 749 805 826 Cornelius
824 753 953 841 etiam.
972 751 1065 828 Padi
1091 751 1230 830 accola.

118 866 220 944 Ptin.
246 867 329 953 III,
353 859 410 938 18.
1335 867 1341 876 ’

169 981 267 1057 VIII.
290 978 401 1086 Alpes
427 979 467 1052 in
495 977 771 1084 longitudinem
798 981 835 1056 X
856 986 906 1060 Μ.
926 1009 1021 1086 pass.
1053 1000 1184 1090 patere
1211 1013 1233 1060 a

119 1123 258 1200 supero
285 1095 442 1172 moriad
459 1097 637 1192 inferum,
662 1101 806 1176 Caelius
831 1097 965 1190 trodil;
989 1101 1231 1202 Timagenes,
1268 1161 1271 1168 -

64 1273 76 1304 ,
118 1215 228 1288 XXII
252 1214 303 1287 M.
334 1239 426 1316 pass.
453 1211 643 1290 deductis:
679 1219 718 1290 in
745 1213 1007 1308 latitudinem,
1031 1217 1231 1294 Cornelius

116 1324 243 1430 Nepos
268 1345 420 1404 centum
438 1329 504 1420 M„
521 1331 566 1405 T.
581 1329 709 1406 Livius
734 1333 804 1406 tria
821 1331 871 1406 Μ.
891 1332 1111 1426 stadiorum,
1130 1349 1233 1407 uter·

118 1467 192 1544 que
218 1442 375 1521 dirersis
394 1448 435 1519 in
452 1443 557 1520 locis.
576 1447 676 1523 Plin.
696 1449 781 1542 III,
806 1471 862 1547 ¹9·
902 1478 904 1488 ·

168 1560 275 1634 Inter
300 1553 398 1634 duos
413 1563 647 1666 Bosphoros,
673 1563 876 1638 Thracium
904 1577 942 1637 et
967 1564 1234 1656 Cimmerium,

119 1673 264 1751 directo
277 1701 405 1768 cursu,
427 1693 468 1752 ut
488 1697 689 1756 auctorest
706 1681 899 1783 Polybius,
918 1682 968 1756 to
987 1683 1036 1756 M.
1056 1705 1233 1786 passuum

118 1791 328 1882 intersunt3
364 1785 527 1869 circuitu
553 1819 643 1870 vero
671 1795 784 1870 totius
804 1798 945 1886 Ponti,
970 1799 1095 1874 vicies·
1116 1793 1233 1872 semel
1257 1865 1264 1880 ,

120 1923 279 1982 centena
292 1907 564 2010 quinquaginta
575 1911 649 2002 ·M.,
666 1925 709 1984 ut
728 1927 861 1987 auctor
879 1929 935 1987 est
953 1915 1089 1998 Varro,
1102 1928 1141 1988 et
1154 1913 1235 1986 lere

118 2039 277 2100 veteres.
291 2025 417 2126 Nepos
434 2021 630 2102 Cornelius
641 2041 811 2101 trecenta
828 2023 944 2102 millia
962 2027 1236 2131 quinquaginta

119 2138 261 2216 adiicit.
279 2136 379 2214 Plan.
399 2141 469 2228 IV,
493 2165 549 2216 ra.

171 2257 219 2332 In
246 2281 312 2332 ora
337 2257 492 2351 Oceani,
512 2256 662 2332 colonia
674 2259 843 2362 Augusti,
868 2257 962 2334 Iulia
979 2261 1235 2350 Constantia...

121 2377 172 2450 Et
198 2375 245 2450 a'b
265 2401 309 2449 ea
327 2372 478 2448 XXXII
502 2377 555 2449 M.
580 2401 677 2479 pass.
697 2375 858 2466 colonia,
877 2374 1069 2454 aClaudio
1081 2379 1237 2454 Caesare

121 2489 233 2583 facta,
251 2491 374 2566 Lixos.
386 2489 439 2564 Ibi
460 2491 565 2592 regia
583 2493 729 2580 Antaei,
746 2500 1014 2595 certamenque
1036 2515 1121 2566 cum
1139 2493 1235 2564 Her·

122 2608 219 2698 cula,
235 2626 274 2683 et
297 2603 549 2710 Hesperidum
566 2603 703 2680 horti...
722 2603 855 2680 Exstat
873 2605 966 2681 inea
984 2622 1023 2681 et
1042 2633 1105 2681 are
1131 2607 1232 2683 Her·

121 2724 227 2815 culis,
245 2748 316 2798 nee
341 2737 492 2824 praeter
507 2719 687 2796 oleastros
705 2719 811 2794 aliud
836 2747 880 2795 ex
899 2736 1055 2796 narrato
1074 2719 1141 2797 illo
1168 2751 1237 2797 au-

121 2840 239 2918 rifero
261 2861 425 2916 nemore.
456 2837 583 2911 Minus
601 2833 773 2937 prolecto
801 2837 988 2914 mirentur
1017 2853 1237 2940 portentosa

10 3041 12 3049 ,
122 2949 301 3032 Graeciae
329 2951 533 3046 mendacia,
553 2952 599 3027 de
619 2953 660 3024 iis
686 2967 726 3025 et
743 2977 850 3026 amne
870 2953 962 3027 Lixo
982 2951 1146 3056 prodita,
1167 2957 1237 3056 qui

123 3075 301 3175 cogitent,
318 3088 467 3147 nostros
478 3096 602 3172 nuper
621 3066 870 3171 paulominus
887 3067 1114 3166 monstrifica
1125 3097 1238 3172 qnae·

124 3187 278 3263 demde
303 3185 434 3262 iisdem
451 3185 667 3261 tradidisse:
693 3182 943 3285 praeualidam
968 3184 1068 3258 hanc
1093 3186 1240 3282 urbem,

124 3309 382 3406 maioremque
391 3303 617 3402 Carthagine
635 3327 783 3401 magum
803 3316 998 3402 praeterea
1012 3324 1058 3376 ex
1078 3299 1240 3378 adverso

126 3425 207 3497 eius
229 3422 372 3507 sitam‚⁴
396 3434 434 3491 et
446 3441 565 3520 prope
578 3417 756 3490 immenso
774 3431 898 3492 tractu
912 3413 959 3489 ab
972 3415 1105 3520 Tingi;
1124 3441 1238 3516 quae·
1291 3407 1296 3416 ’
1322 3431 1346 3466 ’-
1393 3467 1410 3478 s

127 3563 200 3634 que
226 3535 298 3611 alia
316 3531 512 3610 Cornelius
539 3533 664 3636 Nepos
696 3529 904 3608 avidissime
938 3529 1111 3610 eredidit.
1137 3533 1239 3638 Plio.
1395 3517 1402 3534 ⁹

120 3649 182 3738 -V,
210 3643 260 3726 ι.’
817 3713 823 3724 .

177 3763 304 3866 Aliqui
321 3766 421 3842 inter
435 3764 600 3839 Pontum
617 3775 656 3834 et
680 3761 858 3866 Caspium
884 3785 985 3834 mare
1012 3755 1242 3844 cccnxxu

128 4035 228 4093 sollaolt
241 4035 370 4111 aliis,ipsa
381 4033 409 4091 're
421 3955 658 4104 bortanxplosa
677 4089 681 4094 ,
744 4032 788 4101 (l)
807 4032 854 4086 Ex
872 4031 980 4086 adrem
992 4035 1043 4086 aius
1054 4034 1136 4088 α’ὶαω.
1154 4035 1177 4088 E
1198 4051 1243 4088 m
1390 4025 1412 4072 ⁸

128 4131 176 4178 eat.
205 4125 268 4177 nu.
287 4151 319 4165 -
347 4121 383 4174 Et
412 4117 500 4191 Nepos
528 4117 659 4174 corneum
709 4113 796 4186 plone,
809 4112 851 4168 vel
865 4131 897 4167 ex
912 4116 1029 4186 opposito
1041 4114 1169 4171 maximae
1182 4119 1245 4172 Cam

128 4212 212 4260 etiem.
227 4207 306 4260 Vocis
324 4195 454 4262 Gorndius
473 4201 598 4278 almultis
614 4203 658 4254 in·
710 4199 829 4270 thaqlnis.
843 4199 943 4261 Eodem
967 4217 1041 4254 mom
1064 4200 1131 4274 apud
1149 4203 1245 4274 Virgt·

131 4286 252 4352 cluditur,
273 4307 381 4360 quomo
395 4287 469 4353 lib&
491 4285 643 4362 quibusdem
650 4321 661 4352 ,
711 4283 778 4338 lium
792 4283 860 4356 legas
873 4295 969 4338 moer
984 4283 1132 4358 cumirago
1142 4285 1243 4344 Italiam

128 4371 230 4428 Cltillet.
245 4373 406 4442 musenim,
420 4371 496 4444 aluit²
711 4382 827 4428 eomas
843 4371 952 4429 Ameid.
966 4369 987 4440 l,
1002 4379 1042 4428 ¹2.
