3618 5776
651 539 894 604 smrstsuts
1238 513 1325 640 137

216 744 377 822 amicum
394 743 464 824 sibi
481 742 659 850 cupiebat
675 744 835 848 adiungi.
853 743 987 848 Neque
1007 741 1206 820 dubitabat
1221 743 1332 826 facile

214 889 254 942 sc
279 879 589 957 consecuturum,
609 862 762 939 simodo
781 865 861 940 eius
876 862 1126 944 conveniendi
1144 861 1335 944 habuisset
1352 940 1353 950 ,

213 996 448 1084 potestatem.
466 981 560 1058 Nam
579 980 721 1084 Cyrum
739 983 754 1033 ⁵
772 978 927 1056 fratrem
946 981 980 1056 ei
992 977 1136 1056 bellum
1157 978 1254 1054 clam
1268 1009 1335 1088 pa-

214 1123 315 1189 rare,
340 1096 646 1176 Lacedaemoniis
677 1094 968 1190 adiuvantibus,
989 1097 1153 1173 sciebat:
1181 1097 1221 1172 id
1242 1101 1272 1174 si
1299 1101 1334 1174 ei

216 1217 437 1322 aperuisset,
467 1242 640 1320 magnam
667 1241 720 1291 se.
741 1211 789 1286 ab
815 1240 861 1291 eo
887 1217 1070 1292 initurum
1090 1218 1245 1319 gratiam
1272 1220 1329 1296 vi-

216 1333 342 1410 debat.

160 1470 166 1478 “
266 1450 317 1523 Χ.
344 1449 444 1524 Haec
472 1473 590 1548 quum
617 1445 827 1541 moliretur,
853 1464 1080 1553 peteretque
1109 1477 1130 1522 a
1158 1449 1330 1525 Pharna·

218 1563 312 1640 hezo
330 1581 374 1640 ut
401 1561 449 1638 id
475 1589 599 1666 regem
627 1566 862 1656 mitteretur;
893 1567 1023 1642 ecdem
1052 1581 1221 1670 tempore
1247 1569 1331 1642 Cri·

217 1681 309 1755 tius⁴
332 1682 525 1782 ceterique
548 1682 701 1784 tyranni
720 1681 1006 1756 Atheniensium
1025 1698 1147 1757 certos
1167 1682 1337 1760 homines

220 1793 269 1870 ad
286 1795 527 1900 Lysandrum
547 1797 588 1870 in
605 1797 727 1870 Asiam
742 1800 940 1889 miseruut,
952 1799 1017 1898 qui
1035 1821 1119 1872 eum
1136 1799 1337 1874 certiorem

217 1911 403 2005 facerent,
424 1915 495 1990 nisi
512 1911 747 1992 Alcibiadem
765 1913 987 2006 sustulisset,
1012 1912 1107 1988 nihil
1127 1940 1257 1990 earum
1278 1941 1337 1990 re·

220 2059 305 2108 rum
323 2035 406 2109 fore
416 2049 553 2122 ratum,
564 2059 658 2136 quas
670 2033 748 2134 ipse
762 2032 917 2109 Athenis
930 2033 1198 2110 constituisset:
1209 2058 1338 2133 quare,

220 2151 251 2225 si
278 2175 363 2226 suas
380 2177 441 2226 res
461 2163 583 2252 gestas
596 2176 746 2226 manere
767 2148 889 2241 vellet,
903 2147 1009 2225 illum
1031 2167 1336 2255 persequeretur.

221 2263 410 2338 HisLaco²
429 2265 543 2340 rebus
554 2284 760 2342 commotus
770 2268 912 2354 statuit,
922 2267 1134 2340 accuratius
1145 2264 1213 2338 sibi
1228 2291 1338 2366 agen·

223 2375 314 2452 dum
342 2405 429 2454 cum
446 2379 702 2457 Pharnabazo.
716 2382 815 2456 Huic
829 2408 920 2484 ergo
931 2383 1138 2472 renuntiat,
1152 2407 1251 2484 quae
1262 2381 1338 2483 regi

223 2494 891 2588 cumLaccdaemoniisessent,irrita
918 2497 1059 2590 futura,
1089 2498 1157 2571 nisi
1176 2495 1340 2570 Alcibia-

222 2609 439 2692 demvivum
453 2631 721 2692 autmortuum
733 2613 955 2689 tradidisset
965 2617 1052 2693 Nun
1066 2611 1155 2690 tulit
1172 2615 1338 2690 ³hocsa·

203 2725 359 2835 tropea,
374 2749 412 2808 et
430 2732 571 2809 violare
590 2730 841 2820 clementiam,
864 2757 974 2832 quam
990 2732 1087 2833 regis
1102 2757 1192 2838 opes
1205 2734 1338 2824 minui,

220 2847 363 2923 maluit.
381 2847 515 2954 Itaque
534 2851 633 2926 misit
658 2846 917 2952 Sysamithren
939 2864 976 2922 et
992 2849 1156 2950 baguam
1172 2853 1187 2899 ⁴
1205 2849 1254 2924 ad
1274 2847 1337 2925 Al·

219 2964 404 3040 cibiadeua
433 2964 749 3060 interficiendum,
767 2986 888 3064 quum
907 2960 971 3036 ille
991 2981 1087 3038 esset
1106 2968 1144 3038 iu
1164 2965 1338 3069 Phrygia,
1413 3013 1422 3034 ,

215 3080 363 3184 iterque
384 3082 433 3156 ad
460 3109 582 3188 regem
609 3094 860 3186 compararet.
879 3080 980 3153 Missi
999 3079 1090 3153 clam
1120 3083 1300 3158 vicinitati
1321 3085 1337 3134 ⁵

250 3316 293 3382 (⁵)
308 3316 412 3386 Cyrum.
423 3313 572 3370 Artaxerxis
585 3314 701 3379 fratrem,
713 3312 753 3366 cui
805 3307 860 3362 der.
878 3308 924 3373 lta,
941 3307 1009 3380 apud
1026 3307 1141 3375 Sallust,
1158 3309 1276 3365 Numida
1292 3331 1339 3384 pro

219 3399 312 3452 Darius
332 3397 478 3464 scisitatus,
492 3416 598 3468 quarum
612 3396 755 3467 praelectus
807 3392 939 3463 tugurtba,
955 3393 1064 3446 Maurus
1079 3414 1125 3464 pru
1141 3396 1242 3450 boccho
1259 3413 1335 3450 usur·

219 3493 286 3548 erat,
299 3492 453 3538 testamento
469 3483 575 3555 legavit.
585 3501 596 3534 u
615 3480 683 3535 Vide
693 3484 753 3534 lust.
805 3486 885 3545 patur.
1180 3539 1183 3546 Ι

216 3569 252 3628 V,
266 3575 307 3618 tt.
319 3568 401 3620 -At
413 3586 442 3619 eu
459 3570 574 3620 tuarum
585 3571 706 3636 gratiam.
719 3566 754 3616 Se
839 3564 861 3612 3.
871 3557 935 3612 Non
946 3559 1010 3612 udis.
1025 3559 1126 3632 Nempe
1138 3561 1213 3616 cessit
1226 3565 1341 3617 territus.

219 3649 297 3704 ratde
311 3653 481 3706 Artaxerxem
494 3651 692 3706 demeriturmu.
805 3643 908 3696 Taa—
918 3644 1092 3698 cumeorum.
1109 3645 1224 3715 Respicit
1236 3645 1340 3718 hospitii

252 3737 296 3802 (t)
314 3734 418 3792 Critias.
434 3736 558 3807 Triginta
581 3745 753 3807 tyrannorum
805 3726 912 3781 tutelam
926 3727 1059 3800 fidemque
1072 3728 1158 3782 datum
1172 3729 1248 3783 exuli.

218 3818 429 3876 immanissimus.
445 3821 511 3874 Vide
535 3819 618 3875 Cicer.
647 3817 754 3873 Tuscul.
839 3811 981 3882 (4)th
992 3809 1339 3883 misitSyramitlueuesBu·

219 3913 319 3976 quaest·
334 3908 358 3970 1,
371 3906 553 3960 stu-casos
570 3905 689 3958 Ιιοηιίηω.
696 3902 754 3958 Plu·
804 3915 890 3968 guum.
908 3895 1087 3965 Syssmitbreu
1107 3896 1268 3951 Pharnabazi
1286 3915 1337 3967 ps·

220 3987 322 4046 turchos
339 3987 435 4054 tradit,
461 4007 513 4044 non
535 3998 594 4042 aute
616 3986 754 4040 adductum
805 3992 893 4036 truum
906 3989 982 4031 vocat
998 3977 1125 4034 Plutarch.
1141 3981 1251 4051 baguam
1276 3997 1340 4034 vero

219 4087 273 4130 csse
289 4069 453 4144 Lysandrum
467 4107 475 4133 .
491 4079 520 4130 ut
544 4069 705 4126 Alcibiadem
721 4067 753 4122 ds
803 4071 917 4122 uorum
929 4079 1025 4119 nomeu
1036 4081 1090 4122 essa
1102 4063 1246 4135 proprium,
1257 4079 1338 4133 quam

220 4153 308 4214 suedie
332 4153 480 4214 tollendum
496 4162 614 4222 cusum,
631 4169 710 4228 quam
727 4150 754 4208 id
804 4165 952 4216 commuue,
964 4155 1063 4222 murt,
1079 4167 1130 4220 quo
1147 4150 1239 4204 Persae
1252 4165 1336 4206 sunu·

221 4240 377 4302 ruminatio
395 4242 427 4302 ub
449 4241 551 4318 sybaris
573 4243 598 4302 et
618 4237 754 4300 mundatus
804 4231 1100 4292 obcaecatorum
1118 4235 1253 4312 bruscum.

154 4313 160 4324 ¹
222 4325 417 4385 eruttmur.
763 4363 766 4372 .
839 4321 884 4394 (t)
909 4317 1053 4380 l'ioioitutt.
1073 4321 1146 4378 Hanc
1178 4319 1336 4377 ommam

256 4407 300 4482 (t)
322 4409 398 4471 Lara.
418 4409 633 4472 Lacedaemonius
651 4411 751 4489 bysan-
805 4405 936 4470 ldrllsssm
961 4407 1053 4466 urbem
1070 4405 1338 4478 militatarum,
