3528 5780
1223 497 1315 600 381

205 716 1081 787 ηἰηῦαὶὤιωωιίωΡήίωωΙωεΡὶἰιιίωἱώιῦω
1098 725 1320 803 lnsiunstinp'.

203 800 269 858 stols
280 819 325 856 sus
338 800 371 856 sd
382 801 509 857 Seuerum
522 801 565 870 tv,
578 803 622 869 tt,
635 800 680 858 ubl
693 799 837 874 imepinesu
850 801 962 860 Cornelii
974 803 1165 879 depingendum
1178 809 1323 867 emisseus

204 880 378 938 commendet.
387 883 586 938 veronensium
595 899 684 936 rerum
698 882 836 955 scriptores
848 887 1003 942 receutioms
1012 887 1128 943 Cometiu
1141 892 1249 962 petriam
1263 895 1325 948 sesi·

204 971 287 1038 guent
296 961 442 1030 Hostiliam,
455 963 579 1038 oppidum
593 965 622 1019 in
633 981 696 1036 egro
708 965 862 1032 Veronensi,
876 965 946 1038 quod
963 985 1032 1022 nuuc
1046 968 1159 1042 Ostigliu
1171 972 1323 1044 sppellstnr.

202 1049 322 1102 'I'estetur
343 1043 484 1119 Onuplsrius
497 1045 638 1100 Posseins'su
654 1048 822 1117 Veronensis,
838 1049 867 1104 in
879 1049 993 1124 cstslogo
1006 1050 1149 1109 illustrium
1165 1055 1320 1128 scriptorum

202 1130 405 1196 veronensium,
418 1130 489 1186 ciues
500 1149 559 1186 suos
571 1127 675 1185 Comeli
684 1127 792 1203 Nepoti,
808 1143 931 1204 tantssm
947 1134 1044 1206 pstrise
1063 1135 1159 1205 decori,
1176 1141 1246 1194 inter
1258 1141 1323 1198 ulios

200 1209 313 1267 illinires
336 1213 496 1267 veronenses
512 1210 616 1284 publice
631 1212 781 1266 sucturitste
797 1220 909 1268 ststusm
932 1218 1054 1286 posuisse
1075 1218 1151 1288 Quod
1166 1219 1201 1274 ol>
1218 1226 1323 1278 monem

202 1293 282 1347 etism
300 1291 456 1364 probitstem
474 1295 503 1347 in
518 1309 612 1364 msgns
624 1293 816 1348 existimatione
832 1293 912 1349 suerit
930 1297 1073 1362 Cornelius,
1090 1300 1224 1372 egregium
1241 1303 1321 1358 lnbe-

201 1381 244 1430 tur
261 1373 345 1429 Plinii
361 1375 550 1430 testimonium.
567 1377 592 1428 is
608 1375 681 1428 enim
690 1413 700 1440 ,
717 1385 747 1430 ut
764 1375 955 1430 uersiculorum
977 1397 1084 1435 memus
1106 1381 1239 1440 liberiores
1255 1386 1323 1442 incus

200 1457 323 1532 imusque
339 1465 480 1521 escussret,
493 1459 521 1511 in
538 1456 646 1530 epistols
658 1455 691 1510 sd
702 1457 849 1512 Aristonem
858 1461 894 1523 V,
904 1463 931 1528 3,
942 1457 1096 1534 clsrlssimos
1108 1475 1245 1522 enumeret
1255 1469 1323 1524 inter

203 1539 335 1593 liomsnos
352 1537 433 1606 uiros,
449 1538 619 1610 imperotores
631 1537 711 1594 etism
719 1578 728 1606 ,
741 1539 894 1606 Csessrem,
913 1543 1061 1612 Augustum
1068 1582 1079 1609 ,
1091 1543 1216 1613 Nervam,
1230 1547 1322 1604 eedem

200 1617 307 1676 lluentis
320 1639 390 1687 usos,
403 1630 430 1675 et
447 1621 483 1678 its
500 1621 605 1692 pergite
626 1620 779 1675 rNerouem
796 1619 868 1674 euius
885 1630 1008 1688 trsnseo,
1025 1625 1145 1694 quemvis
1161 1627 1251 1695 seium
1268 1647 1322 1686 nou

202 1717 214 1752 s
232 1704 366 1775 corrumpi
380 1703 408 1757 in
424 1703 548 1769 deterius,
565 1718 629 1772 quse
646 1699 784 1774 aliquando
799 1705 880 1758 etism
897 1703 1015 1772 emulis,
1032 1703 1076 1759 sed
1094 1707 1201 1762 honeste
1214 1727 1321 1766 menese

202 1801 214 1836 s
233 1801 300 1855 quse
315 1786 448 1857 ssepinsss
469 1783 545 1840 ltouis
561 1792 633 1840 liunt.
650 1787 730 1855 {luter
749 1805 812 1858 quos
832 1785 875 1841 sel
892 1788 1029 1859 praecipue
1045 1789 1222 1846 numerandus
1241 1801 1280 1846 est
1293 1793 1323 1849 P.
1404 1779 1413 1790 ⁸
1445 1854 1456 1862 ‚

202 1883 216 1918 s
232 1865 370 1938 Virgilius,
388 1867 522 1922 Cornelius
532 1864 640 1939 Nepos,
657 1877 683 1922 et
703 1869 776 1940 prius
791 1868 891 1923 Ennius
907 1870 1051 1940 Acciusque
1064 1887 1072 1936 ς
1098 1888 1150 1925 non
1167 1871 1277 1944 quidem
1293 1873 1323 1932 hi

201 1961 216 1999 r
234 1957 381 2014 senetur-es,
404 1947 449 2002 sod
467 1952 587 2003 eremitas
608 1967 706 2004 munins
721 1967 776 2004 non
797 1949 874 2005 distet
896 1949 1062 2006 ordinibus
1084 1951 1191 2010 Vossius
1209 1956 1321 2022 usserit,

197 2029 351 2086 Comitum
364 2030 454 2085 referri
467 2030 499 2086 tls
515 2030 676 2105 Hieronymo
694 2031 723 2086 iu
745 2031 870 2088 Clunnieo
890 2033 1034 2088 Euenum
1051 2033 1084 2090 sd
1101 2053 1199 2092 sunum
1211 2038 1322 2111 Augusti

197 2122 328 2182 questum.
343 2111 408 2167 lude
421 2113 477 2168 sine
497 2111 748 2175 dubioelrrissimus
765 2117 798 2170 G.
816 2115 850 2170 G.
863 2115 1031 2188 Humdcrger,
1049 2119 1098 2190 qui
1115 2119 1250 2188 scriptores
1271 2138 1321 2174 ve·
1422 2107 1429 2125 “

199 2196 261 2251 teris
275 2207 300 2250 et
310 2195 393 2252 medii
406 2199 463 2252 teri
477 2197 560 2251 multe
579 2215 638 2252 cum
653 2195 788 2271 diligentie
804 2198 942 2264 recensuit,
965 2197 1085 2254 inductus
1107 2201 1243 2272 perhibet,
1257 2200 1321 2256 elios

197 2277 313 2334 Gemelli
327 2287 438 2334 mortem
454 2277 486 2332 sd
502 2280 626 2350 primurn,
639 2277 703 2336 elios
720 2278 752 2333 sd
768 2279 921 2343 seeundum,
937 2279 1001 2334 elius
1019 2279 1052 2336 sd
1069 2291 1191 2352 qnsrtunr
1210 2285 1321 2354 dugenti

198 2375 295 2414 sunum
312 2361 417 2416 relerre.
442 2361 501 2429 Qus
516 2363 663 2416 auctoritate
683 2361 816 2427 suffultus,
841 2362 936 2418 nescio.
953 2362 984 2416 ld
1007 2361 1101 2430 rideo,
1127 2363 1277 2435 ambiguum
1294 2369 1322 2416 et

197 2440 310 2496 minime
327 2441 527 2498 convenientem
551 2461 604 2498 esse
628 2444 772 2508 rationem,
795 2461 876 2497 anuos
899 2443 932 2498 uls
948 2441 1059 2511 imperio
1076 2443 1187 2514 Augusti
1209 2462 1321 2516 eompu-

199 2521 290 2589 tenti,
305 2525 357 2579 nisi
377 2524 503 2579 terruimus
527 2522 664 2579 delinietur
684 2533 727 2577 sut
750 2523 961 2590 utriumrirstu,
985 2532 1030 2576 eut
1051 2541 1065 2576 s
1089 2541 1172 2594 pugne
1198 2526 1317 2587 Aetiscs,

198 2614 243 2661 sut
260 2604 375 2660 udeleto
388 2607 498 2678 Augusti
520 2609 633 2660 nomine.
661 2603 802 2660 Glsront'eurs
821 2604 990 2658 Emediussnm
1003 2622 1056 2658 uun
1076 2613 1189 2660 mortem
1206 2605 1319 2660 auctoris

198 2687 470 2756 continuissent
491 2697 595 2759 tempus
618 2705 672 2758 quo
689 2685 916 2740 restinctionis.
940 2685 983 2738 ste
1001 2685 1073 2738 enim
1097 2685 1177 2740 rerba
1201 2696 1312 2741 sonunt:

201 2784 214 2818 s
232 2765 369 2822 Octseisui
387 2766 490 2839 imperii
501 2783 569 2821 enno
582 2777 692 2840 questo,
707 2765 866 2840 Olympisde
881 2770 940 2832 485,
957 2763 1091 2818 &melius
1108 2765 1193 2836 Nepos
1209 2766 1320 2835 scriptor

198 2865 211 2900 s
229 2847 368 2905 historicus
384 2848 468 2906 clerus
486 2849 625 2906 benetune
645 2847 730 2906 Credo
749 2847 870 2919 equidem
884 2845 917 2900 de
936 2848 1049 2902 &ruelii
1066 2857 1152 2902 morte
1168 2845 1236 2904 nihil
1253 2853 1320 2907 meti

194 2933 319 2988 eliirmeri
336 2951 421 3005 posse,
432 2943 459 2988 et
475 2933 537 2988 setis
551 2951 605 2987 esse
625 2931 709 2998 uobis,
726 2930 797 3002 quud
809 2929 885 2984 Mela
898 2939 925 2984 et
941 2929 1041 2984 Plinius
1058 2941 1218 2986 memorante
1242 2931 1320 2986 ism

196 3028 210 3068 s
230 3013 287 3069 divi
302 3016 411 3088 Augusti
431 3017 579 3088 principatu
593 3013 686 3079 obiit·
705 3012 736 3068 ld
751 3029 813 3066 veru
828 3011 921 3084 liquet,
937 3012 1014 3066 fuisse
1032 3013 1177 3067 Cornelium
1190 3013 1319 3085 supersti-

196 3103 253 3149 tem
269 3114 338 3152 enno
350 3097 430 3152 Vrbis
443 3102 504 3164 721,
515 3099 562 3152 Cn.
576 3095 694 3152 Domitio
709 3105 736 3150 et
751 3095 780 3148 G
789 3093 864 3148 Sosio
876 3091 1037 3160 Consulibus,
1054 3097 1099 3164 qui
1112 3103 1151 3148 est
1164 3111 1248 3151 sonus
1260 3113 1320 3166 pos,

195 3179 294 3236 initum
307 3179 503 3240 triumuirutum
512 3178 676 3242 undecimus,
687 3186 715 3232 et
728 3184 788 3230 ente
797 3193 885 3230 serem
897 3185 1011 3230 nostrem
1022 3177 1171 3246 trigesimus
1182 3177 1320 3250 secundus,

194 3279 228 3316 en
245 3262 317 3317 enim
330 3281 399 3318 unno
412 3261 570 3336 Pomponius
576 3263 676 3317 Attium
687 3257 808 3324 deuenit,
820 3265 847 3312 et
859 3256 995 3312 Cornelius
1010 3257 1078 3312 vitse
1091 3258 1148 3314 eius
1160 3259 1245 3332 sepite
1257 3277 1323 3334 qus·

196 3351 258 3398 tttor
270 3345 412 3416 posteriore
428 3342 530 3399 sdteeit.
957 3356 965 3380 s

228 3424 302 3492 Quos
318 3423 440 3498 qnelesre
452 3423 532 3478 iilum
544 3423 673 3479 Conulim
684 3421 878 3492 conseripsesit,
889 3419 985 3494 purtim
1001 3418 1057 3492 ipse
1070 3436 1118 3474 nos
1128 3418 1204 3474 docet
1217 3421 1245 3476 in
1256 3419 1320 3476 locis

194 3505 350 3574 quibusdem
365 3525 457 3563 eorum
475 3505 520 3580 qui
534 3504 566 3560 sd
583 3516 682 3560 nostrus
700 3521 843 3576 peruenere
861 3521 968 3569 munus,
985 3501 1079 3572 purtim
1093 3501 1173 3556 etism
1186 3519 1201 3554 e
1213 3502 1320 3559 citerio-

195 3585 273 3640 uslsus
289 3598 407 3646 ueterum
418 3597 522 3662 sppsret
534 3587 593 3642 setis
606 3587 789 3658 frequentibus.
800 3581 851 3638 llss
862 3601 956 3657 meges
967 3581 1102 3655 diligentis
1111 3582 1319 3654 srsgmentorum
1334 3606 1340 3614 ·

194 3668 304 3724 nomine
320 3669 425 3744 collegit
439 3671 560 3726 Andreas
573 3667 696 3734 Senum,
713 3665 908 3736 entvupiensis
924 3664 1089 3720 doctissimus
1105 3682 1120 3718 e
1139 3664 1168 3718 S.
1188 3665 1220 3726 l.,
1240 3679 1318 3732 quern

195 3750 377 3808 collectionem
394 3753 492 3808 editum
516 3750 592 3805 rideo
618 3748 781 3805 Freneot'urti
803 3764 872 3800 sunu
898 3747 971 3800 ⁴6⁰8.
993 3744 1119 3802 Eundem
1142 3748 1216 3800 suxit
1231 3753 1319 3819 postes

194 3834 284 3906 psueis
296 3834 324 3890 in
339 3833 402 3890 locis
415 3835 439 3890 1.
456 3835 493 3890 A.
505 3833 604 3897 Bosius,
615 3829 744 3901 professor
759 3826 875 3881 lmeuds
886 3843 955 3880 suno
970 3832 1046 3882 ⁴65⁷.

229 3911 333 3970 Diserte
350 3913 521 3988 elleguuturs
538 3909 678 3974 ueteribus,
692 3908 763 3964 Aeto
777 3907 929 3978 prsesertim
943 3903 1039 3970 Gellio,
1058 3903 1120 3962 lihrl
1135 3901 1318 3965 Girosneorusu

195 4012 245 4068 pes
262 3983 404 4052 mntem
417 3995 552 4070 nunes.
565 3991 613 4047 ute
629 3994 712 4056 susm,
726 3987 852 4044 nmina
863 3989 957 4059 sessa
972 3987 1058 4052 xvn,
1075 4005 1098 4042 e.
1116 3991 1160 4054 ss,
1176 3996 1216 4043 ses
1232 3987 1321 4044 nutu

198 4077 351 4150 ὣνιιιὶἰιωις
368 4078 423 4134 imu
435 4087 491 4133 tuto
503 4076 553 4132 lsoo
568 4075 649 4144 cupite
666 4069 698 4125 sd
711 4087 773 4126 eum
784 4067 947 4142 potissimum
960 4069 1100 4142 rmpeslne
1114 4070 1229 4128 ridetur.
1246 4071 1318 4128 Dicit

198 4175 227 4212 se
242 4158 398 4233 excerpsisse
414 4177 430 4215 e
446 4159 529 4228 libris,
541 4159 586 4230 qui
600 4155 717 4211 enain
732 4148 912 4228 appellum,
928 4150 1024 4226 quibus
1042 4152 1204 4226 temporibus
1220 4154 1320 4210 nemea

197 4239 253 4292 tint
265 4240 343 4298 simul
357 4243 410 4299 siri
426 4242 541 4315 insignes
553 4239 647 4296 (lrseei
663 4245 739 4309 stqne
752 4233 873 4292 nomem.
884 4237 926 4291 lie
941 4233 1050 4289 Homul
1060 4243 1143 4292 estete
1153 4235 1262 4310 loquens
1276 4234 1320 4292 lris

198 4320 287 4406 ‚sutis
303 4324 402 4385 utitsur
425 4327 482 4387 th
496 4325 624 4388 conam
644 4321 733 4402 tipo
753 4320 781 4386 tr
800 4315 890 4398 ptimo
909 4315 1198 4388 mmmm
1215 4318 1321 4388 uisu
