3660 5740
584 549 909 620 runursuoccus
1232 513 1297 616 85

174 755 327 838 lebatur
340 751 580 846 caerimonia,
595 753 770 832 coniecit.
783 751 879 830 Inde
896 777 978 832 non
996 751 1106 858 prius
1123 775 1300 858 egressus

176 889 246 969 est,
273 859 389 978 quam
408 897 479 951 rex
499 897 599 964 eum,
617 869 705 948 data
717 870 890 964 dextera,
906 871 949 947 in
966 868 1079 948 fidem
1096 873 1299 977 reciperetr

177 1019 289 1096 quam
306 994 505 1099 praestitit.
522 992 616 1068 Nam
634 1017 755 1096 quum
774 990 825 1066 ab
853 988 1149 1068 Atheniensibus
1175 1007 1215 1068 et
1230 993 1299 1070 La-

176 1110 426 1188 c'edaemoniis
437 1125 707 1216 exposceretur
716 1106 884 1214 publice,
897 1106 1108 1213 supplicem
1121 1134 1298 1220 noupro·

175 1229 297 1322 didit3
317 1232 561 1330 monuitque,
580 1243 623 1302 ut
650 1224 869 1306 consuleret
900 1225 997 1303 sibi:
1029 1226 1179 1304 difficile
1198 1232 1299 1310 euim

176 1373 267 1440 csse,
285 1350 326 1424 in
346 1365 421 1424 tam
439 1347 661 1452 propinquo
679 1342 766 1420 loco
784 1361 867 1420 tuto
881 1371 971 1422 eum
990 1347 1144 1424 versari.
1161 1347 1298 1454 Itaque

176 1464 346 1570 Pydnam
365 1491 448 1540 eum
471 1462 608 1540 deduci
622 1464 741 1553 iussit,
758 1478 796 1538 et
811 1459 917 1565 quod
936 1462 1023 1537 satis
1042 1477 1139 1540 esset
1158 1467 1299 1568 praesi-

178 1581 231 1657 dii
248 1585 264 1633 ⁹
282 1581 400 1660 dedit.
435 1583 515 1660 Hac
546 1608 590 1658 re
626 1580 772 1672 audita,
803 1579 865 1657 hic
889 1581 930 1656 in
960 1606 1095 1656 navem
1121 1583 1298 1664 omnibus

175 1701 330 1803 ignotus
355 1702 481 1778 nautis
508 1699 684 1778 ascendit
713 1702 818 1794 Quae
838 1723 958 1797 quum
983 1703 1207 1804 tempestate
1223 1732 1298 1781 rna-

174 1818 277 1894 xima
306 1819 453 1896 Naxum
484 1815 672 1909 ferretur,
696 1812 763 1891 ubi
794 1830 876 1890 tum
902 1803 1188 1894 Atheniensium
1215 1831 1300 1896 erat

176 1935 382 2026 exercitus3
399 1941 430 1990 ⁴⁰
449 1937 566 2012 sensit
590 1929 889 2023 Themistocles,
916 1933 947 2008 si
978 1959 1025 2010 eo
1043 1928 1300 2039 pervenisset,

176 2053 246 2130 sibi
263 2079 342 2131 esse
360 2051 614 2160 pereundum.
629 2053 707 2126 Hac
721 2049 943 2128 necessitate
960 2066 1125 2145 coactus,
1144 2050 1299 2132 domiuo

176 2171 294 2267 navis,
317 2170 403 2273 quis
430 2171 490 2262 sit,
516 2169 650 2274 aperit,
675 2166 796 2244 multa
821 2164 1018 2272 pollicens,
1042 2171 1075 2245 si
1088 2195 1129 2247 se
1147 2197 1301 2250 couscr-

178 2303 310 2366 vasset.
337 2285 498 2378 Aside,
525 2283 720 2361 clarissimi
754 2285 827 2362 viri
855 2301 990 2392 captus
1016 2288 1301 2391 misericordia,

178 2401 278 2478 diem
290 2418 517 2508 noctemque
530 2399 668 2508 procul
683 2401 730 2476 ab
743 2400 868 2480 insula
886 2405 928 2478 in
941 2401 1022 2482 salo
1032 2431 1166 2485 navem
1176 2411 1305 2486 tenuit

179 2521 221 2595 in
238 2519 425 2611 anchoris,
440 2529 615 2624 *tneque
633 2545 863 2623 quemquam
882 2547 931 2600 ex
961 2547 1006 2598 es
1040 2523 1142 2598 exire
1172 2551 1305 2630 passus

178 2649 245 2712 est.
270 2633 365 2711 lnde
381 2635 573 2740 Ephesum
594 2640 625 2688 ⁴²
644 2638 832 2742 pervenit,
858 2638 992 2739 ibique
1012 2637 1304 2719 Themistoclem

177 2755 359 2859 exponit:
385 2753 447 2828 cui
466 2748 532 2828 ille
552 2780 625 2858 pro
646 2753 789 2830 meritis
816 2751 974 2855 gratiam
1001 2769 1133 2858 postea
1154 2756 1303 2836 retulit.
1381 2825 1394 2836 .

227 2871 295 2945 IX.
323 2869 407 2945 Scio
422 2866 625 2974 plerosque
645 2875 654 2920 ¹
677 2871 728 2954 ita
748 2869 965 2973 scripsisse,
982 2868 1302 2970 Themistoclem,

176 2987 303 3062 Xerxe
322 3004 515 3090 regnante,
536 2988 577 3059 in
590 2986 715 3060 Asiam
733 2986 934 3063 transiisse.
962 2985 1037 3062 Sed
1058 3013 1128 3092 ego
1155 2993 1304 3096 potissi·

176 3125 287 3177 murm
296 3101 512 3206 Thucydidi
527 3100 656 3190 credo,
670 3103 773 3204 quod
787 3117 909 3176 aetate
924 3105 1118 3206 proximus
1132 3125 1215 3184 erat
1230 3108 1300 3203 his,

175 3221 243 3324 qui
260 3216 417 3294 illorum
434 3236 648 3332 temporum
659 3218 854 3293 historiam
871 3215 1127 3322 reliquerunt,
1145 3239 1184 3298 et
1204 3229 1302 3304 eius·

209 3403 253 3474 (9)
270 3400 410 3456 Praecidit.
431 3401 614 3464 Amatorem,
631 3415 712 3471 pecu-
764 3400 866 3472 Nempe
881 3399 979 3473 ingenti
991 3404 1099 3472 pecunia
1113 3421 1172 3460 eum
1187 3404 1302 3478 donavit,

177 3489 286 3560 uiaeque
311 3485 469 3559 praesidium
491 3473 577 3540 hedis.
603 3484 712 3540 Diodor.
766 3493 794 3537 ut
808 3483 928 3556 Thucyd.
941 3493 967 3538 et
978 3485 1046 3544 l'lut.
1054 3489 1181 3546 referunt.

175 3572 249 3636 uid,
266 3569 365 3643 ἑφόδιον
382 3576 558 3642 triemit-
798 3570 840 3636 (⁴)
866 3567 1008 3641 Plerosque.
1029 3570 1164 3644 Ephesum
1184 3575 1303 3644 scillcet,

211 3660 271 3726 (ιθ)
297 3655 351 3711 Vbi
374 3667 426 3710 urm
447 3654 635 3708 samsonem
659 3665 714 3708 erat
763 3652 911 3716 umorem,
927 3652 1108 3722 Clitarchum,
1121 3658 1307 3730 Herselidem,

176 3737 428 3798 exaceastriam
440 3736 666 3810 oppugnantium,
683 3744 714 3790 ut
763 3734 877 3806 altosque
895 3737 1043 3810 complures
1061 3739 1200 3796 Pluttrclso
1216 3743 1304 3800 huda.

176 3828 250 3881 eiant
265 3822 386 3896 Thucyd.
399 3824 422 3886 1,
439 3823 497 3891 ¹3⁷3
510 3819 673 3887 Plutsrehus,
686 3827 714 3874 et
764 3829 815 3876 tos.
822 3818 897 3873 Adde
921 3818 1068 3876 Diodorum
1087 3821 1221 3896 Sicrrlom,
1243 3825 1263 3883 Ι.
1279 3845 1303 3882 ο.

177 3909 333 3982 Polyaenus.
763 3901 997 3977 Themistoclisqus
1023 3924 1067 3979 ep.
1086 3911 1127 3962 tu.
1150 3937 1182 3951 -
1210 3912 1303 3967 Am

211 3993 324 4065 (ιι)1ιι
339 3993 395 4048 sata
411 4009 499 4047 necem
523 3995 601 4046 uruit
617 3993 644 4043 iu
662 4009 709 4044 eu·
760 3990 890 4064 proxim
909 4001 971 4043 erat.
996 3989 1126 4046 Omnium
1152 4001 1302 4062 auctorum,

176 4081 268 4138 choris.
285 4079 413 4137 Auctoris
427 4078 507 4146 iactis,
519 4075 603 4132 donec
614 4085 712 4147 tempe·
764 4074 809 4146 qni
818 4071 927 4130 iderum
940 4085 1090 4149 tempos-rm
1107 4072 1242 4136 terdonam
1254 4099 1302 4136 r..

177 4175 228 4222 etas
254 4166 459 4234 defervesceret,
478 4179 573 4218 navem
592 4163 621 4217 iu
646 4157 714 4216 marr·
765 4161 908 4232 liquerunt,
917 4161 1085 4238 Thucydides
1098 4165 1302 4238 prosimuserats

178 4253 282 4308 turbido
294 4253 388 4310 tenuit.
764 4267 858 4324 nempe
874 4249 1044 4324 quadriennis
1064 4259 1124 4308 tute
1140 4250 1294 4311 Themistu-

211 4341 272 4407 (sa)
291 4339 426 4410 uptam.
439 4335 518 4394 utcu.
530 4335 617 4392 mutto
630 4333 714 4404 auur,
764 4333 812 4394 clu
828 4333 938 4394 autam
952 4345 1036 4394 mera.

178 4420 237 4492 11,
259 4427 349 4480 su-
368 4423 487 4481 &aava
508 4435 597 4495 possea
620 4421 712 4480 nour.
