3398 5640
277 400 348 506 24·
394 340 406 366 ’
480 480 494 507 .
617 403 799 499 aprima
823 402 1082 507 mmmm

328 614 438 694 Libri
453 612 709 721 Epistularum
739 611 788 689 ad
805 610 1055 708 OEceronem,
1076 637 1241 716 quorum
1261 616 1416 723 primu,
1476 673 1479 679 .

279 740 420 815 citatur
436 764 458 813 a
475 736 673 813 Lactantio
690 733 756 829 111,
780 732 838 810 15.
857 729 1184 831 Quemadmodum
1204 750 1243 809 et
1259 738 1413 819 Cicero·

277 859 336 935 nis
353 853 404 961 ad
420 857 605 959 Nepotem
621 849 807 953 Epistulas
826 867 1125 931 commemorant
1141 853 1345 935 Suetonius
1360 859 1408 937 iu

278 975 437 1053 Caesare
462 999 546 1078 cap.
574 968 636 1070 55,
652 969 883 1070 Macrobius,
901 972 1071 1072 itemque
1088 967 1163 1044 alii.
1378 1040 1391 1069 0

328 1097 375 1171 In
400 1090 541 1170 Catulli
561 1087 734 1166 versibus
751 1084 800 1163 ad
815 1090 1018 1191 Nepotem,
1036 1091 1199 1186 «Quum
1220 1118 1333 1171 ausus
1352 1120 1406 1194 es,
1439 1140 1448 1159 .

278 1236 378 1289 unus
389 1207 589 1306 Italorum,
605 1203 730 1282 Omne
744 1232 877 1284 aerum
891 1208 1017 1284 tribus
1026 1203 1218 1311 explicare
1228 1207 1366 1286 chartis
1377 1214 1411 1282 ss

277 1334 393 1408 Petro
411 1329 571 1404 Possino
599 1324 641 1398 in
663 1325 764 1398 notis
793 1323 841 1400 ad
860 1325 1015 1400 Nicetae
1030 1327 1141 1400 Orat.
1159 1324 1209 1403 de
1225 1325 1406 1408 laudibus

276 1448 340 1524 SS.
359 1438 688 1544 Archangelorum
708 1464 798 1540 pag.
822 1437 885 1539 59,
909 1469 1007 1515 uruss
1032 1440 1185 1519 videtur
1204 1444 1303 1522 idem
1323 1473 1403 1524 esse

277 1559 386 1666 quod
408 1556 573 1660 primus,
593 1551 755 1659 perinde
785 1569 828 1628 ut
855 1554 960 1659 apud
990 1556 1184 1635 Hebraeos
1210 1563 1401 1639 interdum

276 1673 417 1767 achad,
437 1690 477 1749 et
508 1669 611 1777 apud
628 1671 795 1747 Graecos
823 1660 879 1756 εἷς.
906 1665 983 1744 Sed
1011 1671 1041 1743 si
1067 1674 1213 1772 primus
1240 1674 1315 1750 fuit
1334 1677 1402 1755 illo

279 1770 451 1898 tempore
469 1792 609 1896 Nepos,
629 1791 696 1892 qui
716 1787 759 1865 id
775 1813 888 1864 ausus
906 1802 979 1884 est,
998 1784 1110 1862 facile
1129 1789 1254 1882 etiam,
1281 1814 1402 1887 quum

278 1908 453 1990 Catullus
466 1907 662 1998 scriberet,
680 1902 783 1984 solus
800 1930 881 1980 esse
899 1904 1052 2010 potuit:
1080 1900 1286 2007 alloquitur
1300 1900 1402 2016 enim

279 2026 449 2105 Catullus
466 2032 618 2103 eumut
635 2020 843 2124 aequalem.
866 2021 987 2124 Magis
1007 2018 1133 2124 placet
1150 2022 1398 2126 praestantis·

279 2145 364 2223 simi
392 2144 466 2227 riri
492 2144 547 2218 Io.
571 2140 729 2220 Antonii
759 2139 890 2244 Vulpii
918 2141 1160 2236 coniectura,
1188 2139 1266 2241 ·qui
1284 2139 1403 2216 tribuat·
1464 2230 1466 2234 Α

279 2261 421 2339 chortis
444 2263 721 2365 interpretetur
745 2255 852 2333 libris
879 2256 1104 2351 non-tribus
1120 2258 1316 2364 praecise,
1334 2255 1401 2334 sed

279 2380 430 2484 paucis,
455 2377 518 2479 vel
535 2377 730 2455 brevibus.
755 2371 875 2474 Vide,
903 2375 935 2451 si
960 2371 1101 2481 placet,
1125 2377 1208 2455 eius
1223 2390 1333 2454 notus
1351 2371 1400 2448 ad

281 2494 486 2576 Catullum.

302 2623 322 2662 0

333 2725 585 2829 Fragmenta,
610 2745 650 2804 et
667 2732 715 2804 de
734 2727 929 2806 Corraelr'ue
947 2728 1080 2805 marris
1101 2727 1351 2805 Gracchorum

563 2840 734 2944 opaea
751 2845 808 2918 aa
827 2844 869 2921 C.
899 2844 1123 2919 erasarum.
1158 2821 1165 2840 '

333 3076 560 3179 Fragmenta
586 3075 740 3181 Nepotis
772 3075 820 3151 ab
845 3077 997 3154 Andrea
1017 3075 1178 3154 Sebotto
1203 3073 1403 3180 diligenter

283 3189 455 3285 collecta,
473 3209 585 3295 atque
604 3190 694 3268 inde
704 3172 756 3266 'in
776 3191 970 3298 pleristpre
987 3191 1154 3271 Cornelii
1172 3192 1402 3274 editionibus

282 3337 415 3388 recusa
432 3317 540 3407 sunt,
559 3310 699 3416 quibus
715 3313 972 3390 subiiciuntur
988 3316 1099 3389 etiam
1116 3341 1138 3391 e
1163 3315 1281 3389 veteri
1301 3314 1403 3392 libro

281 3428 464 3506 Abbatiae
479 3428 685 3507 Fesulanae
702 3447 740 3505 et
756 3429 878 3509 altero
895 3429 1116 3507 britannico
1132 3459 1203 3537 per
1217 3431 1305 3508 Ant.
1326 3437 1401 3511 Au·

283 3549 476 3650 gustinum
503 3564 540 3623 et
567 3550 638 3622 lac.
661 3549 905 3652 Bongarsium
936 3551 979 3624 A.
1004 3549 1161 3625 Schotto
1183 3554 1400 3630 transmissa

282 3664 493 3766 fragmenta
518 3664 596 3741 duo
623 3693 670 3742 ex
697 3666 864 3773 Epistola
891 3664 1111 3756 Corneliae,
1140 3667 1342 3745 virtutibus
1362 3687 1401 3748 et

281 3776 502 3883 eloquentia
525 3782 749 3861 clarissimae
768 3785 952 3874 feminae,
979 3811 1077 3886 quae
1097 3783 1281 3890 Scipionis
1298 3784 1400 3863 Afri.

283 3899 369 3991 cani
396 3896 513 3993 filiast
543 3899 685 3978 Tiberii
705 3903 867 3980 Gracchi
882 3901 1066 3995 §enom
1084 3928 1192 4003 uxor,
1209 3905 1399 3983 Graccho·

317 4105 361 4171 (l)
385 4101 568 4174 Qulutiliunus,
588 4101 634 4159 ttt.
654 4107 676 4171 l,
700 4122 757 4177 cap.
782 4112 814 4161 tr
867 4116 945 4173 trem,
959 4108 1031 4164 cuius
1047 4108 1207 4163 doctissimus
1222 4092 1399 4186 sermbiupo·

286 4185 484 4244 rGramborom
514 4187 673 4261 eloquentiae
703 4191 814 4247 multum
866 4201 946 4248 steros
960 4192 1399 4269 quoqueestEpistolistruditu13el

283 4269 421 4329 contulisse
436 4275 580 4346 accepimus
593 4274 745 4334 Cornelium
759 4295 815 4333 ma·
865 4278 947 4334 Laelii
960 4277 1013 4336 lilia
1027 4278 1166 4338 reddidisse
1176 4280 1204 4344 in
1215 4279 1345 4358 loquendo
1354 4301 1400 4356 pa«
