3528 5780
499 493 849 560 oesanvsrtonas
1140 481 1231 583 4⁰¹

125 697 222 756 nebrot
233 699 376 770 'l'egeatusn
393 697 549 770 emanantis
563 693 746 761 Athenienses,
765 715 793 752 se
812 713 898 774 pugne
913 693 1076 753 hisrathonia
1100 697 1191 754 vicisse
1209 705 1242 754 46

125 782 253 838 nationes.
265 779 308 835 Oh
320 778 396 834 huius
413 778 452 833 rei
469 777 567 835 samam
580 779 687 836 antelati
700 789 759 837 sunt
776 779 956 846 Athenienses,
971 775 1142 835 iudicantibus
1160 781 1239 837 Ince·

125 863 276 920 daemoniis.
680 868 685 879 ¹

159 948 194 1000 V.
210 947 239 998 ln
249 947 305 1000 vita
317 943 496 998 disemistoclie
509 961 523 997 a
536 943 661 999 Cornelio
674 942 801 1018 descripte
813 965 867 1000 non
880 946 972 1001 notabo
983 963 1023 1010 es,
1034 963 1099 1018 quas
1109 946 1155 1002 ille
1164 965 1242 1021 prse-

128 1025 250 1084 termisit.
263 1027 344 1081 Decet
355 1027 426 1080 enirn
437 1023 622 1098 biographum0
633 1027 689 1098 qui,
702 1037 732 1081 ut
744 1029 796 1099 ipse
808 1026 859 1082 stis
870 1028 1003 1082 mosmos
1015 1031 1157 1100 profitetur,
1167 1049 1241 1085 sum·

126 1128 181 1166 ross
194 1115 293 1162 tentum
309 1125 398 1162 rerum
409 1107 537 1178 attingere
554 1105 646 1172 voluit,
661 1107 745 1162 mults
757 1109 973 1179 praetermittere.
991 1111 1031 1165 Eo
1048 1109 1158 1183 amplior
1174 1113 1244 1178 luit,

126 1213 156 1248 ex
168 1189 288 1245 instituto
301 1207 359 1254 suo,
373 1187 401 1242 in
414 1186 595 1243 Themistocle
609 1186 779 1244 descrihendo
795 1189 953 1248 Plutarchus.
973 1193 1044 1249 Duos
1061 1203 1162 1248 tautum
1174 1191 1244 1250 locos

124 1272 214 1344 selegi,
232 1273 261 1326 in
278 1269 373 1343 quihus
390 1287 487 1324 errasse
503 1269 654 1326 Cornelium
667 1269 755 1326 credo.

160 1355 224 1423 Cap.
238 1353 274 1417 11,
284 1351 309 1422 ς.
327 1359 353 1402 ts
372 1350 496 1404 si'risnus
519 1357 604 1406 autem
628 1350 723 1422 gradus
745 1352 795 1407 suit
819 1355 986 1427 capessendae
1004 1355 1159 1428 reipublicae
1175 1355 1245 1411 bello

130 1455 142 1488 ι
161 1433 319 1506 Corcyraeo,
332 1442 358 1488 et
374 1432 397 1502 ς.
414 1437 439 1486 dt
457 1430 545 1488 Classe
557 1431 679 1486 celeriter
694 1435 795 1500 effecte,
811 1437 927 1506 primum
951 1436 1108 1510 Corcyraeos
1131 1437 1216 1511 fregit.
1231 1457 1243 1489 ι

126 1515 248 1571 Intestina
264 1513 425 1570 Graecorum
451 1511 531 1574 bella,
547 1529 577 1566 ea
598 1512 722 1583 maxime,
736 1531 803 1586 quae
817 1515 897 1588 paulo
922 1525 981 1571 aute
1006 1527 1034 1573 et
1057 1527 1115 1589 post
1130 1535 1245 1591 pugnam

126 1597 320 1654 hiarsthonism
337 1594 495 1660 ecciderunt,
510 1603 564 1648 hm
576 1593 683 1649 solertsu
699 1605 848 1652 enumerata
863 1608 923 1653 sunt
939 1598 971 1652 ab
987 1599 1126 1668 Herodoto,
1138 1609 1166 1654 ut
1175 1611 1246 1654 certo

127 1679 290 1734 mentionem
308 1677 408 1732 iecisset
425 1676 489 1731 helii
515 1676 714 1732 Atheniensium
741 1676 860 1734 adversus
884 1681 1056 1753 Corcyraeos,
1082 1681 1105 1734 si
1128 1699 1246 1754 unqusm

127 1771 228 1835 gestum
239 1761 340 1814 suisset.
354 1760 408 1814 Sed
420 1758 487 1816 nihil
500 1759 552 1814 tale
565 1762 594 1814 iu
603 1759 743 1814 Herodoto.
757 1759 869 1833 Exponit
878 1763 963 1834 potius
979 1762 1051 1818 idem
1064 1762 1246 1818 Themistoclis

127 1842 274 1910 eonsilium,
292 1840 325 1896 de
339 1859 392 1915 quo
409 1831 524 1898 breuiter
546 1841 693 1898 Cornelius:
710 1843 800 1898 eiiam
824 1861 903 1915 quom
921 1846 1031 1916 pecunia
1047 1843 1164 1917 publica,
1180 1863 1246 1918 quae

131 1947 143 1980 ι
162 1946 194 1982 ea
206 1925 321 1981 metallis
337 1922 450 1990 redibat,
460 1922 598 1996 largitione
611 1924 805 1997 magistratuum
818 1929 956 1998 quotannis
976 1929 1104 1998 interiret3
1122 1927 1167 1983 ille
1183 1946 1248 2002 per-

131 2029 143 2062 ι
163 2009 241 2062 suasit
261 2005 369 2080 populo,
385 2015 413 2060 ut
438 2023 468 2059 es
493 2007 600 2076 pecunia
623 2005 710 2060 classis
735 2016 840 2061 centum
853 2007 960 2063 navium
974 2008 1183 2065 aedificaremus
1201 2011 1248 2063 His

129 2090 226 2156 verbis,
240 2088 290 2144 lib.
299 2089 357 2154 vlt,
372 2107 397 2160 p.
411 2091 473 2144 489:
491 2089 602 2158 sQuum
615 2107 709 2162 magna
718 2089 758 2142 vis
767 2089 890 2162 pecuniae
901 2108 916 2142 e
926 2100 1055 2158 proventu
1068 2090 1248 2157 metallorum,

134 2192 146 2225 ι
162 2182 294 2244 quaesunt
308 2191 324 2226 e
336 2171 443 2238 Lauso,
457 2179 524 2225 estet
537 2171 565 2226 in
577 2173 677 2226 nonno
690 2171 900 2239 Atheniensium,
912 2191 993 2243 eaque
1004 2182 1071 2227 esset
1083 2189 1163 2246 aeque
1176 2171 1247 2228 disi-

132 2271 145 2307 ι
159 2251 243 2308 denda
260 2251 371 2318 uiritim,
396 2251 470 2306 denis
493 2253 522 2306 in
546 2252 662 2324 singulos
688 2253 798 2322 puberes
814 2252 962 2318 drachmis,
979 2263 1040 2308 tunc
1056 2252 1250 2308 Themistocles

132 2353 145 2388 s
158 2333 225 2388 hanc
240 2332 360 2387 dissuasit
373 2331 573 2387 Atheniensibus
587 2331 805 2398 distributionem,
817 2333 863 2387 sed
876 2351 907 2386 er
920 2336 1027 2404 pecunia
1039 2333 1146 2387 classem
1160 2335 1250 2386 dueen-

134 2435 146 2468 s
161 2428 243 2470 tanen
260 2413 368 2470 nuvium
380 2415 412 2468 ad
424 2415 602 2487 Aegineticum
615 2413 715 2469 bellum
728 2431 875 2486 comparare
889 2415 981 2469 sunsit.
991 2417 1046 2466 Hoc
1060 2413 1132 2468 enirn
1149 2395 1250 2466 heilusn

132 2517 144 2550 ι
157 2497 283 2554 Graeciae
295 2495 405 2551 salutem
419 2496 520 2561 attulit,
534 2515 628 2568 cogens
645 2497 744 2550 Atticos
761 2495 876 2550 nauticos
889 2493 956 2550 fieri.
968 2515 980 2546 ι
999 2496 1170 2548 Occasionem
1183 2493 1247 2548 belli

127 2578 274 2650 Aeginetici
287 2577 374 2650 prodit
390 2577 534 2632 Herodotus
550 2576 596 2632 lib.
610 2577 646 2642 V,
659 2596 687 2649 p.
704 2581 766 2644 364,
779 2586 806 2630 et
830 2585 916 2646 aperta
929 2593 970 2629 res
989 2585 1038 2642 est,
1062 2572 1152 2629 eadere
1173 2593 1203 2628 ea
1219 2574 1249 2628 in

126 2662 230 2718 bellum
255 2658 454 2734 Aegimtieum,
478 2677 542 2729 quae
559 2656 709 2728 Cornelius,
733 2661 824 2711 minus
840 2669 955 2712 accurate
974 2656 1108 2712 historiam
1125 2657 1249 2712 Graecias

126 2746 260 2815 antiquam
277 2753 378 2810 tenens,
395 2741 429 2796 de
442 2743 584 2814 Corcyraeo
600 2740 673 2796 dixit.
686 2742 731 2808 At,
748 2739 915 2813 respondebit
928 2739 1030 2812 aliquis,
1042 2739 1145 2793 lostam
1156 2743 1248 2806 etiam,

125 2826 232 2881 virente
249 2821 436 2885 Themistocle,
455 2839 516 2875 eum
533 2821 685 2893 Corcyraeis
705 2819 803 2874 bellurn
821 2827 956 2892 gesseruut
972 2817 1158 2872 Athenienses?
1177 2818 1249 2889 quod

125 2906 235 2961 nesciuit
245 2901 401 2970 Herodotus,
419 2902 492 2958 cuius
508 2919 571 2956 uero
583 2902 736 2955 memorism
751 2901 849 2972 Nepos,
863 2899 920 2954 aliis
932 2899 1006 2954 bonis
1020 2898 1165 2952 auctoribus
1177 2917 1248 2964 usus,

126 2985 298 3044 conseruauit.
315 2984 346 3038 ld
369 2987 478 3040 omniuo
494 3001 547 3038 uon
564 2981 707 3056 probabile.
721 2979 892 3036 Athenienses
903 2979 932 3034 in
946 2980 1097 3034 eudemum
1111 2979 1250 3049 decennio,

131 3070 201 3142 quod
218 3087 234 3124 ι
249 3085 335 3141 pugna
358 3067 520 3121 Marathonia
537 3065 569 3120 ad
591 3064 760 3118 Salaminiam
786 3059 892 3127 elhnrit,
909 3081 1015 3134 operam
1030 3060 1092 3116 dare
1109 3071 1249 3134 coeperunt

126 3153 166 3208 rei
177 3149 276 3214 nausii,-
287 3149 447 3204 oceasiomm
461 3145 579 3220 praebuit
587 3143 686 3200 bellum
700 3143 894 3216 Aegineticum.
906 3141 1017 3198 ttnnnn
1031 3143 1159 3214 reperitur
1172 3143 1250 3200 vesti·

128 3235 215 3305 gium,
228 3231 276 3286 hoe
298 3231 354 3302 ipso
371 3228 499 3284 decennio
515 3227 687 3282 Athenienses
700 3225 733 3279 ad
750 3233 849 3278 tanturn
870 3226 1020 3296 pervemsse
1042 3224 1200 3295 potentiane,
1220 3230 1251 3276 nt

128 3316 288 3386 Corcyraeos
302 3300 474 3374 debellarerit,
491 3315 546 3362 toto
560 3308 614 3363 iere
629 3307 752 3364 Graeciae
769 3306 868 3360 smhltu
882 3305 914 3358 ab
930 3305 993 3377 ipsis
1009 3302 1134 3359 distantes
1155 3315 1181 3358 et
1197 3306 1251 3358 lam

127 3395 230 3450 dudum
244 3393 313 3448 mari
329 3401 456 3465 potentes.
468 3389 648 3462 liiilagitarunt
665 3385 835 3442 Athenienses
848 3385 896 3439 hac
912 3387 966 3457 ipss
982 3395 1064 3440 aetate
1076 3405 1092 3439 a
1102 3387 1252 3458 Corcyraeis

128 3475 262 3544 auxilium,
277 3492 359 3546 quum
380 3473 480 3528 Xerxes
493 3471 632 3525 transitum
649 3469 678 3524 in
694 3469 829 3522 Graeciam
846 3477 959 3539 pararet,
973 3475 1036 3520 teste
1049 3465 1181 3519 Herodoto
1191 3464 1251 3529 Vll,

130 3575 159 3629 p.
173 3563 232 3613 489.
247 3556 365 3611 Confessi
378 3564 440 3609 sunt
462 3562 520 3624 post
542 3551 571 3606 id
588 3561 690 3623 tempus
705 3551 861 3622 Corcyraei,
886 3567 970 3621 qnam
986 3549 1016 3602 in
1042 3547 1112 3600 bello
1128 3545 1252 3598 aduersus

130 3637 277 3692 Corinthios
297 3644 416 3708 suscepto
429 3652 507 3706 opem
531 3629 916 3704 peterentebAthenieuslhus,
944 3645 971 3681 se
993 3628 1025 3680 iis
1050 3626 1180 3696 hucusque
1203 3641 1253 3677 nec

130 3717 213 3772 socios
226 3717 307 3772 fuisse
325 3734 373 3772 nec
390 3714 519 3775 inimicos,
541 3713 570 3766 in
587 3715 704 3765 oratione
721 3727 786 3778 quae
804 3707 899 3778 legitur
921 3704 987 3777 apud
1005 3703 1187 3778 Thucydidem
1205 3703 1252 3758 lib.

130 3799 154 3866 1,
171 3815 192 3854 c.
211 3801 253 3850 32.
270 3799 368 3854 Asserit
380 3796 491 3866 denique
504 3790 686 3863 Thucydides,
697 3786 904 3842 Themistoclem
918 3786 1029 3854 exulem,
1045 3803 1074 3838 ea
1088 3785 1252 3854 potissimum

26 3921 27 3924 η
132 3897 165 3934 ea
177 3895 251 3932 causa
264 3879 412 3952 confugisse
424 3875 457 3933 ad
474 3867 723 3945 Corcymeos„quod
739 3869 805 3923 Ιιειιι
816 3866 946 3938 qnondam
959 3867 993 3922 de
1007 3870 1045 3922 eis
1058 3868 1193 3933 meruerit,
1205 3865 1253 3921 lib.

134 3963 157 4030 1,
165 3979 188 4016 c.
206 3967 266 4018 436.
279 3963 369 4034 ltaque
383 3977 436 4015 non
449 3958 595 4030 [regiteos.

168 4041 210 4097 Ad
224 4040 346 4096 eumdem
362 4037 545 4114 Thucydidem
564 4041 688 4107 provocat
709 4031 763 4105 ipse
778 4029 916 4087 Cornelios
929 4029 1027 4086 iu'rita
1050 4027 1253 4094 Themistoclis,

136 4141 192 4196 cap.
203 4125 249 4194 tx,
264 4131 364 4190 umen,
377 4121 512 4196 capvlli,
522 4119 601 4190 longe
609 4116 641 4170 ab
654 4115 710 4169 eius
723 4113 868 4168 nerratione
880 4110 997 4168 discedit.
1007 4111 1030 4182 ς.
1042 4115 1068 4165 A:
1084 4111 1146 4166 sAd
1157 4111 1256 4168 Adme-

138 4223 151 4259 s
171 4214 245 4274 tuns,
270 4207 445 4264 Molossorum
460 4221 559 4278 regem,
583 4216 643 4255 eum
660 4217 711 4272 quo
726 4197 752 4252 ei
769 4196 910 4270 hospitium
925 4197 1027 4262 iuerat,
1045 4195 1173 4268 confugit.
1188 4215 1201 4246 ι
1219 4195 1258 4250 At

135 4288 304 4370 mmai..
316 4291 375 4369 tque
385 4307 468 4364 ηιμ.
479 4287 560 4370 esne
571 4283 674 4368 mess,
689 4277 831 4364 ιιιιιιιιιι
845 4297 900 4344 m
912 4279 991 4344 tun
1002 4277 1175 4344 ιιωιιωι
1191 4280 1257 4340 ωι-

239 4411 331 4500 Cot.
356 4413 446 4500 tter.
655 4497 657 4502 ,
1102 4401 1154 4481 00
