3528 5780
558 530 902 598 enarrarronrs
1206 501 1300 634 393

187 731 361 806 Heusingerna
377 731 405 788 in
421 730 606 802 dissertatione,
631 749 699 806 qnae
726 731 835 789 editioni
858 733 1036 791 ranetam
1052 732 1151 791 adiecta
1166 743 1214 792 eat.
1229 738 1304 810 legit

187 817 258 872 enim
270 816 306 870 ita
323 814 402 869 editio
420 815 587 883 Garamans,
602 817 675 869 cuius
688 815 763 886 supra
773 818 935 872 mentionem
946 817 1005 872 sect.

221 898 294 952 vul.
306 897 352 952 Eat
365 895 427 951 boul
439 899 656 961 commentatoris,
669 897 803 955 chamere
813 901 883 956 tueor
896 909 1041 964 auctorum,
1053 899 1082 954 in
1093 900 1185 974 quibua
1194 901 1233 956 usi
1243 911 1305 957 suut

186 998 249 1038 uoce
266 977 386 1052 quadam,
403 979 589 1052 significatione
602 980 725 1054 peculiari
736 990 779 1036 aut
795 985 882 1036 miuus
894 983 1060 1037 solita.'1'um
1073 986 1144 1038 enim
1158 981 1304 1040 eruditione

186 1081 229 1118 aua
242 1079 316 1134 opem
330 1061 398 1113 ferre
415 1059 493 1116 dehet
510 1059 607 1125 lectori,
621 1080 674 1116 non
685 1073 714 1116 ut
726 1062 785 1117 lieri
796 1063 862 1118 solet
878 1062 973 1117 inillis
989 1063 1063 1131 locis,
1080 1083 1145 1136 quos
1162 1075 1250 1119 mente
1269 1065 1302 1120 ad

186 1164 242 1202 rem
253 1152 350 1199 attenta
364 1154 391 1200 et
408 1144 555 1199 evolvendo
571 1145 653 1200 lexico
670 1146 758 1218 quivis
780 1145 854 1200 facile
867 1146 1019 1218 assequitur.
1036 1145 1184 1218 adiungam
1207 1149 1303 1203 eteius

184 1229 284 1302 generis
296 1226 495 1282 observationes.

217 1310 312 1379 Epam.
328 1301 402 1375 Vlli,
419 1315 446 1377 2,
464 1309 569 1383 legitur:
586 1313 621 1365 Vt
632 1312 660 1365 ln
675 1311 786 1382 penando
809 1329 856 1366 suo
872 1311 1022 1369 scriberent.
1041 1316 1112 1366 Hanc
1129 1330 1220 1368 vocem
1243 1331 1301 1367 cor-

183 1400 285 1463 ruptam
298 1389 463 1446 crediderunt
480 1390 591 1447 editores
607 1391 761 1461 complures,
778 1411 861 1464 quum
873 1411 921 1464 per
936 1401 1085 1466 contextum
1097 1393 1129 1449 de
1140 1395 1217 1466 cippo
1231 1394 1303 1468 loqui

184 1473 278 1527 debere
292 1473 501 1545 Epaminondam
515 1484 642 1548 putarent.
654 1474 741 1528 Edidit
755 1474 837 1529 Aldus
854 1477 978 1546 sepulcro,
992 1486 1020 1530 ut
1038 1476 1099 1530 alias
1116 1480 1203 1530 minus
1215 1475 1303 1532 felices

183 1557 340 1612 coniecturas
356 1566 462 1612 taceam.
476 1557 529 1614 Sed
543 1567 688 1612 constanter
700 1565 788 1611 tenent
803 1557 941 1612 lectionem
955 1559 1069 1630 perturb
1084 1560 1195 1628 codices,
1211 1560 1303 1632 quibus

184 1648 209 1693 et
222 1638 430 1692 annumerandus
447 1649 485 1694 est
503 1639 666 1695 Thottianua.
681 1639 805 1693 Defendit
821 1657 878 1693 eam
893 1639 975 1694 multa
988 1641 1133 1696 eruditione
1147 1642 1244 1708 Rosius,
1256 1642 1302 1696 sed
1420 1685 1426 1704 ,

184 1731 254 1776 tanta
268 1720 422 1793 prolixitate,
432 1731 461 1775 ut
473 1723 605 1777 annotatio
618 1721 804 1777 dissertationis
816 1723 928 1794 speciem
942 1725 1045 1778 referat.
1059 1723 1192 1778 concinne
1207 1724 1301 1795 magis,

184 1821 250 1876 quae
261 1802 294 1886 ad
311 1821 368 1857 rem
385 1801 582 1877 intelligendam
595 1803 702 1869 faciunt,
726 1803 831 1876 collegit
845 1805 976 1860 Gesnerua
997 1807 1025 1860 in
1046 1807 1181 1860 Thesauro
1198 1804 1302 1878 linguae

183 1889 321 1941 Romanae.
335 1888 365 1940 ln
379 1886 528 1960 explicanda
540 1886 727 1959 significatione
745 1885 777 1940 ab
790 1907 839 1941 usu
856 1891 990 1944 communi
1007 1887 1091 1944 aliena
1108 1887 1175 1943 nihil
1195 1899 1233 1944 est
1245 1889 1299 1942 uti·

183 1969 247 2036 lius,
260 1987 338 2040 quam
355 1978 499 2024 monstrare
516 1987 678 2042 progressum
692 1968 873 2024 translationis.
888 1971 1028 2026 Notissima
1044 1980 1082 2025 est
1094 1968 1138 2025 illa
1147 1973 1250 2042 periculi
1263 1971 1304 2025 ai-

185 2050 322 2124 gnificatie
334 2063 467 2116 amanen,
482 2053 580 2106 Danioe
594 2053 701 2124 Forsog.
719 2054 776 2106 Vos
793 2050 854 2106 inde
870 2052 901 2106 ad
912 2055 1065 2126 scripturam
1082 2051 1161 2108 relata
1175 2052 1304 2127 significat

182 2133 301 2205 θοισιμι,
318 2131 418 2188 Daniee
435 2133 542 2201 Udlrarn
556 2136 585 2189 in
598 2134 674 2188 rebus
686 2133 799 2205 denique
812 2133 974 2190 iudicialibus
983 2138 1130 2190 senteutiam
1145 2135 1230 2194 verbis
1239 2154 1301 2190 eon·

183 2224 295 2288 ceptam,
309 2232 374 2286 quae
387 2214 501 2286 praelegi
518 2215 641 2270 damnato
653 2215 729 2280 solet,
740 2225 880 2290 partemue
892 2216 985 2271 tabrrlis
998 2217 1107 2290 publicis
1120 2217 1218 2272 inferri.
1226 2217 1302 2290 spti-

181 2319 225 2354 me
242 2297 385 2354 illustratur
402 2297 522 2352 annelare
538 2296 600 2352 haec
623 2298 779 2370 significatio
797 2300 856 2354 loco
874 2299 1006 2355 Ciceronis
1024 2301 1051 2354 in
1068 2301 1180 2356 Verrem
1200 2304 1243 2365 lli,
1260 2307 1303 2356 79.-

182 2384 282 2437 Eorum
297 2379 436 2434 hominum
454 2378 624 2450 (scribarum)
639 2379 701 2434 fidei
720 2378 820 2436 tabulae
836 2380 962 2452 publicae,
981 2383 1147 2455 periersisque
1165 2383 1303 2454 magistra-

181 2471 255 2518 tuum
270 2460 478 2517 committuntur.

216 2543 307 2597 Caton.
322 2544 354 2609 11,
372 2549 398 2598 ir
419 2544 462 2596 ιΔ
472 2539 563 2597 multia
574 2553 691 2608 matur,
701 2559 754 2596 non
766 2542 844 2598 rnodo
858 2542 961 2598 nullum
972 2542 1160 2598 detrimentum
1174 2541 1303 2598 existima·

186 2621 294 2676 ationis
306 2621 376 2690 fecit,
393 2623 449 2688 aed,
462 2621 545 2694 qraoad
567 2621 642 2687 visit,
662 2623 789 2677 virtutum
811 2620 886 2678 laude
902 2624 1015 2680 crevita
1032 2623 1156 2678 Tenentur
1176 2622 1219 2678 laic
1232 2621 1303 2677 idem

186 2705 345 2778 significare,
363 2722 393 2759 ac
405 2709 433 2758 in
445 2705 564 2758 iudicium
576 2716 689 2770 matus,
700 2722 741 2758 res
758 2703 811 2776 ipsa
825 2703 909 2760 docet.
919 2704 970 2760 Sed
982 2705 1064 2760 rarior
1077 2716 1196 2772 estuans,
1208 2715 1303 2760 etcum

183 2805 232 2842 nee
250 2807 266 2840 a
283 2790 402 2842 Gesnero
413 2784 571 2858 explicatum
586 2785 672 2843 rideo.

216 2867 296 2922 Attia.
309 2868 405 2933 xvnt,
419 2873 445 2925 2.
461 2869 504 2924 Sic
520 2868 677 2922 familiarum
688 2867 816 2939 originem
828 2869 957 2924 enitentia.
972 2867 1110 2924 Subtesere
1125 2877 1197 2923 notat
1211 2889 1300 2928 anwe-

182 2950 241 3014 ben,
256 2947 300 3004 vel
318 2949 389 3022 quod
402 2951 483 3006 etiam
500 2971 515 3004 a
528 2949 708 3005 Geminiani
720 2949 853 3003 materiam
868 2952 894 3003 iu
909 2950 983 3004 libris
996 2958 1128 3005 tractatam
1140 2953 1304 3018 transfertur,

183 3032 258 3085 drein
270 3033 414 3088 verweden.
428 3033 471 3086 ste
487 3033 587 3087 Livius.-
600 3031 719 3087 Subtexit
733 3028 827 3085 deinde
841 3031 944 3086 fabulae
958 3032 1028 3097 huic,
1039 3041 1090 3088 etc.
1104 3035 1195 3088 inarsit
1205 3035 1303 3088 Corne·

182 3113 245 3180 lius,
262 3115 379 3170 Atticum
393 3115 471 3182 libro,
484 3133 538 3187 quo
551 3117 717 3186 magistratus
732 3113 849 3179 amabat,
866 3133 906 3168 res
928 3115 1104 3188 genealogicus
1128 3113 1189 3172 acite
1215 3117 1301 3172 admi·

183 3197 286 3250 mulsae.
298 3196 356 3250 Non
369 3195 453 3250 solum
464 3195 531 3250 hano
542 3195 757 3266 significationem
775 3213 828 3249 non
846 3194 985 3250 caedum
996 3196 1073 3253 video
1086 3216 1102 3251 a
1114 3210 1302 3256 commentato·

184 3277 267 3342 ribus,
284 3276 329 3331 aed
343 3278 421 3330 etiam
434 3276 462 3331 in
476 3276 560 3331 indice
573 3275 706 3330 latinitatis
724 3277 833 3331 Βοιίιιιο
848 3274 916 3330 falso
933 3277 1094 3349 explicatam.

219 3359 302 3415 Attia.
317 3359 363 3423 IX,
381 3359 462 3424 t,clr.
479 3359 550 3424 XVI,
562 3365 589 3422 3,
601 3358 683 3412 utitur
696 3367 782 3412 auctor
794 3375 857 3412 voce
877 3359 1058 3426 divinationis,
1083 3381 1115 3416 eo
1137 3381 1235 3430 sensu,
1252 3382 1305 3435 quo

187 3439 268 3512 louge
281 3441 353 3496 abeat
365 3459 380 3493 a
393 3438 552 3496 divinatione
568 3437 613 3495 illa
622 3441 806 3509 superstitiosa,
818 3459 900 3514 quam
914 3443 1034 3497 amabant
1052 3453 1160 3511 ueteres,
1175 3455 1203 3500 et
1221 3465 1304 3518 quana

188 3521 281 3594 religio
293 3522 436 3577 Christiana
452 3525 497 3578 ria
514 3520 619 3577 tandem
645 3522 774 3578 eradicare
789 3525 881 3593 potuit.
903 3525 996 3579 Mutuo
1013 3543 1039 3580 se
1058 3526 1185 3598 explicant
1209 3527 1237 3580 tri
1253 3527 1305 3580 duo

185 3600 249 3665 loci,
264 3611 290 3656 et
302 3613 447 3659 monstrant
459 3609 599 3670 auctorem,
610 3621 686 3674 supra
697 3603 811 3656 seculum
824 3622 899 3657 suum
910 3605 1064 3675 sapientem,
1076 3624 1167 3676 parum
1182 3605 1302 3659 tribuisse

186 3685 500 3754 superstitiosissimum
517 3702 580 3738 vero
603 3683 756 3756 prudentiae
774 3695 801 3737 et
813 3688 980 3750 constantiae,
998 3696 1024 3741 et
1044 3686 1189 3754 credidisse,
1212 3687 1241 3740 in
1262 3685 1303 3742 laia

185 3764 328 3822 virtutibus
340 3767 485 3824 coniunctis
494 3785 582 3822 reram
595 3769 670 3820 sitam
687 3783 741 3819 esse
758 3765 894 3820 divinandi
906 3776 999 3831 artem,
1020 3766 1047 3820 id
1065 3777 1113 3833 eat,
1130 3766 1306 3840 pespicieadi

183 3847 233 3904 sibi
248 3849 276 3904 ln
290 3848 368 3905 rcbns
381 3840 503 3906 adversis.

468 4015 522 4080 IV.
545 4011 774 4076 Observationes
795 4013 1001 4098 antiquariae.

219 4161 384 4234 singularem
399 4169 425 4216 et
440 4161 618 4217 admirandam
634 4159 675 4214 rel
689 4160 848 4235 antiquariae
869 4179 973 4234 operam
991 4163 1116 4235 praestitit
1134 4161 1176 4218 air
1191 4163 1307 4236 optimus

184 4241 319 4315 Philippus
337 4245 435 4301 Daniel
450 4245 565 4318 lippari,
579 4246 705 4318 professor
718 4244 876 4300 Dreadenaia.
893 4247 919 4300 la
931 4247 1003 4301 enim
1017 4247 1133 4319 picturae
1146 4255 1173 4302 et
1190 4246 1305 4317 reliqua·

187 4341 259 4391 ram,
275 4341 343 4397 quae
359 4345 421 4384 com
432 4345 463 4384 aa
478 4329 630 4386 nsaianotae
647 4336 715 4400 suut,
728 4326 823 4386 artium
837 4329 870 4385 ab
883 4329 1052 4388 adolescentia
1067 4328 1161 4400 eninr,
1175 4335 1246 4386 tanto
1260 4329 1304 4386 iu·
