3528 5780
441 579 446 587 .
475 501 818 597 ornemur-rores
1119 501 1218 601 >385

104 735 288 807 mpennmm
306 732 400 788 merito
413 732 623 804 aequiparentur.
635 735 705 792 Dicit
726 752 805 809 porro
817 733 969 791 Cornelium
991 731 1083 807 Neque
1098 729 1183 792 tantm
1197 737 1229 792 ht

102 815 239 868 mna
250 825 305 868 runt
316 813 526 886 munitamque
538 816 608 870 iuter
620 827 758 890 sequentes
770 817 946 885 Macedoniae,
963 818 1057 888 Syrias
1070 825 1098 870 et
1111 819 1227 890 Aegypti

103 911 177 966 reges
191 893 331 947 admodum
348 894 425 966 pauci
447 894 524 970 rebus
539 913 555 948 a
570 913 598 950 se
621 896 683 968 ipsis
705 900 734 954 iu
751 897 821 952 bello
842 899 920 970 gestis
943 894 1125 949 inclaruerunt.
1150 895 1228 951 Tales

102 983 162 1030 sunt
173 973 310 1048 Philippus
322 987 348 1030 et
358 975 515 1042 Antiochus,
528 980 575 1047 qui
592 978 670 1033 ambo
682 977 757 1035 bellis
768 989 856 1034 contra
870 977 969 1033 vicinos
982 975 1092 1049 pupulos
1105 994 1227 1049 magnam

103 1057 153 1113 sibi
168 1056 264 1110 tunm
281 1066 446 1130 paraveram,
463 1057 508 1112 sed
525 1068 616 1113 contra
635 1063 783 1128 Romanos,
800 1061 901 1133 ingenti
922 1059 983 1114 licet
1001 1067 1138 1132 apparatu,
1159 1058 1228 1112 male

103 1149 301 1210 resperserunt,
318 1150 345 1195 et
361 1139 523 1195 Ptolemaeus
543 1139 703 1213 Euergetes,
720 1147 765 1214 qui
782 1144 954 1216 Cyrenaicum
974 1141 1080 1208 devicit,
1101 1143 1159 1214 ipse
1176 1140 1228 1196 dns

104 1221 244 1292 copiarum.
261 1222 322 1276 lion
336 1223 371 1276 alt
384 1221 528 1291 Cornelius,
544 1224 671 1294 seipsum
689 1226 785 1280 borum
798 1244 891 1298 regum
904 1225 1036 1290 omnium,
1050 1226 1096 1298 qui
1112 1227 1230 1297 impera-

103 1302 203 1359 toribm
220 1306 384 1360 annumerari
400 1313 517 1377 ponunt,
531 1323 573 1359 res
586 1315 669 1377 gestas
688 1327 741 1362 uno
762 1308 898 1364 uolumine
914 1305 1160 1379 comprehendisse,
1183 1306 1230 1362 sed

102 1383 172 1456 quod
187 1386 307 1442 omnium
320 1403 362 1442 res
375 1396 463 1460 gestae
478 1390 614 1459 separatim
626 1398 687 1443 sunt
702 1388 808 1456 relatae,
821 1389 850 1445 id
870 1399 908 1445 est
924 1408 939 1444 a
955 1390 1066 1446 dirersis
1082 1389 1228 1446 auctoribus

103 1476 165 1522 tuuc
176 1467 299 1538 temporis
310 1467 393 1539 vulgo
405 1467 516 1540 cognitis
532 1477 558 1522 et
575 1467 700 1542 probatis.
711 1469 771 1524 Non
788 1471 860 1525 enim
873 1479 913 1525 est
923 1469 1105 1536 dubitandum,
1118 1471 1231 1528 extitisse

105 1559 167 1604 ante
183 1548 333 1604 Cornelium
351 1549 496 1622 complures
510 1549 589 1605 libros
609 1553 724 1618 Latinos,
741 1553 788 1626 qui
806 1571 889 1624 quum
903 1551 1018 1626 Philippi
1032 1562 1059 1609 et
1071 1551 1230 1619 Alexandri,

106 1632 258 1686 tumetium
276 1632 451 1704 posteriorum
468 1650 562 1705 regum
582 1632 699 1688 historias
719 1634 903 1702 continebant,
925 1651 986 1688 cum
1010 1635 1106 1708 quibus
1118 1637 1230 1690 Romani

106 1709 148 1766 rel
171 1712 311 1767 amicitiam
327 1711 482 1782 coluerunt,
504 1713 547 1769 vel
563 1713 630 1768 bella
647 1723 788 1786 gesserunt.
806 1718 844 1769 Ea
865 1719 936 1770 enim
959 1717 1025 1770 scire
1051 1719 1230 1770 Romanorum

104 1796 188 1850 molto
206 1799 291 1869 magis
302 1797 435 1866 intererat,
452 1815 532 1872 quam
548 1815 615 1870 quae
633 1797 665 1853 ad
679 1797 746 1854 bellu
759 1798 859 1856 Persice
873 1810 901 1854 et
913 1797 1159 1872 Peloponnesiacum
1171 1817 1231 1874 per·

105 1877 232 1935 tinebant.

139 1960 231 2016 Libros
247 1960 319 2028 alios,
335 1961 380 2035 qui
398 1959 521 2016 Cornelio
534 1969 632 2016 temere
645 1981 660 2017 a
673 1962 829 2034 quibusdum
845 1962 967 2036 adscripti
980 1973 1061 2027 sunt,
1079 1973 1111 2018 ut
1129 1962 1231 2018 Daretis

106 2038 214 2112 Phrygii
230 2041 377 2095 versionem
391 2043 520 2108 Latinam,
534 2041 627 2098 lubens
639 2052 783 2115 praetereo.
793 2045 854 2100 lion
871 2044 943 2099 euim
957 2045 1065 2099 interest
1078 2043 1232 2116 reipublicae

106 2118 257 2187 tutemus,
266 2139 387 2177 revocare
399 2124 555 2179 memoriam
569 2143 698 2195 errorum,
713 2143 777 2199 quos
790 2125 873 2182 semel
887 2128 1039 2200 iterumque
1052 2125 1142 2182 solidis
1155 2143 1233 2198 argas-

108 2205 205 2260 mentis
216 2205 355 2276 propulere
373 2206 424 2261 viri
440 2205 519 2262 docti.

168 2371 207 2433 ll.
229 2371 279 2435 De
297 2371 435 2435 Comela'r'
455 2369 613 2436 scribendi
634 2376 771 2438 instituto
785 2375 818 2436 in
832 2372 923 2436 libris
936 2376 991 2457 qui
1005 2376 1171 2456 supersint.

143 2533 176 2588 lit
192 2533 348 2587 Graecarum
361 2531 509 2586 litterarum
526 2541 554 2586 et
566 2532 663 2604 petrice
683 2551 772 2587 amore
789 2536 878 2588 ductus
895 2531 1094 2604 scripsitNepos
1108 2533 1172 2587 vitas
1185 2549 1233 2585 ex·

107 2603 266 2673 cellentium
277 2615 472 2687 imperatorum.
488 2614 598 2669 Romani
616 2613 692 2668 rudes
705 2612 813 2668 omnino
830 2625 903 2669 erant
915 2613 1059 2667 litterarum
1073 2614 1233 2667 Graecarum

106 2709 166 2754 ante
178 2698 245 2753 bella
260 2697 363 2762 Punica,
377 2696 474 2770 qnippe
483 2697 528 2770 qui
542 2695 611 2752 iuter
624 2713 756 2750 armorum
769 2695 891 2768 strepitus
901 2713 973 2750 suam
988 2696 1103 2765 ipsorum
1118 2694 1234 2767 linguans

108 2799 161 2835 non
180 2779 311 2846 calebunt,
324 2778 370 2850 qui
381 2789 448 2833 artes
459 2797 561 2844 ornnes,
575 2788 677 2850 praeter
693 2797 746 2844 eas,
765 2795 830 2850 quae
843 2777 874 2833 ed
889 2780 973 2833 sitam
986 2777 1108 2831 tuendam
1121 2777 1236 2831 maxime

105 2859 263 2914 necmmriae
280 2867 349 2924 suut,
364 2859 579 2922 contemnebant,
593 2877 702 2912 omnem
718 2857 827 2931 gloriam
841 2858 869 2912 iu
882 2877 912 2912 re
928 2857 1032 2930 publica
1049 2855 1236 2912 administran-

108 2938 162 3006 da,
179 2942 288 2995 eticae
303 2941 401 2994 rustica
418 2947 445 2992 et
458 2937 585 3006 militari,
603 2939 745 2994 exercenda
762 2948 898 3012 ponentes.
914 2939 1031 2992 Sufficiet
1047 2938 1101 2993 duo
1118 2935 1236 3009 exempla

105 3021 178 3076 istius
190 3020 310 3075 nrditrtis
326 3020 355 3073 in
368 3019 483 3076 medium
501 3021 627 3093 prolerre.
649 3023 737 3091 Quum
755 3019 886 3087 lloroani,
910 3018 1080 3075 decemvirali
1108 3027 1235 3091 potestate
1283 3057 1286 3062 ·

106 3101 232 3170 instituta,
244 3105 414 3168 Graecorum,
426 3104 539 3156 maxime
552 3103 762 3171 Atheniensium,
775 3101 847 3178 ΙΨ
859 3121 935 3156 suum
947 3101 977 3156 ln
988 3120 1065 3156 usum
1082 3109 1235 3158 convertero

106 3184 216 3251 uellent,
229 3203 294 3256 opus
310 3185 438 3240 habebant
458 3184 602 3256 interprete
620 3184 803 3249 Hennodoro,
826 3186 927 3239 Graeco
949 3182 1033 3239 exule.
1056 3186 1236 3237 Romanorum

104 3265 400 3338 legatusl‘ostbumius,
417 3283 499 3336 quum
522 3266 601 3320 verba
620 3267 715 3320 laceret
731 3266 763 3320 od
781 3267 938 3320 Tarentinos
955 3264 1044 3338 lingua
1068 3265 1186 3332 Graeca,
1203 3267 1238 3319 iis
1348 3302 1358 3319 .

107 3357 162 3402 erat
174 3347 281 3404 derisui.
297 3348 350 3402 Sed
366 3348 419 3401 ism
433 3355 571 3418 coeperant
582 3365 636 3400 esse
647 3347 824 3418 frequentiora
841 3346 1000 3400 commercia
1013 3354 1040 3399 et
1052 3344 1155 3400 foedere
1169 3348 1237 3399 inter

106 3439 247 3504 utramque
262 3439 379 3502 gentem,
396 3428 473 3502 paulo
487 3439 547 3483 ante
564 3427 664 3484 bellurn
680 3429 807 3486 Punicum
832 3429 958 3501 primum.
974 3425 1094 3481 Secundo
1115 3443 1237 3497 prospero

107 3512 193 3579 linito,
210 3531 313 3584 sperare
326 3513 478 3584 inceperunt
500 3513 612 3567 Romani
618 3551 627 3578 ‚
644 3531 672 3566 se
689 3509 829 3584 aliquando
844 3513 978 3574 Graecos,
1002 3519 1135 3580 praeteqsa
1151 3508 1237 3576 specie
1283 3541 1287 3554 .

105 3590 241 3662 libertatis,
254 3597 284 3648 in
297 3602 451 3666 potestatem
467 3611 540 3647 auam
556 3611 610 3647 esse
624 3594 781 3648 redacturos.
794 3591 858 3646 lude
872 3589 983 3646 accrevit
1000 3589 1097 3643 sensim
1111 3588 1180 3658 opud
1193 3604 1238 3641 eoa

107 3675 231 3746 cupiditas
247 3677 372 3731 Graeciae
384 3677 494 3730 luteriua
506 3675 707 3745 cognoscendam
720 3673 906 3728 eccendebetur
918 3672 997 3724 etiarn
1011 3669 1168 3722 Graecorum
1179 3685 1237 3720 ora·

108 3763 198 3810 torum
215 3757 342 3829 exemplis
355 3755 520 3828 eloquentiae
535 3752 670 3819 studium,
686 3754 750 3808 utile
771 3754 902 3823 imprimis
921 3748 989 3821 spud
1008 3751 1138 3803 llornanos
1160 3750 1190 3802 in
1207 3764 1237 3801 re

107 3836 210 3908 publice
224 3837 387 3909 capessenda.
405 3839 475 3890 Tuus
489 3835 566 3898 Cato,
580 3835 698 3904 quamvls
718 3831 815 3896 senior,
836 3830 974 3903 arripiebst
992 3828 1109 3884 studium
1133 3827 1237 3883 littera*

107 3937 177 3988 rum;
195 3927 251 3974 turn
263 3919 375 3973 Graecae
388 3915 499 3980 fabulae,
513 3935 528 3969 a
545 3923 582 3969 tot
594 3913 675 3986 poetis
691 3911 798 3967 comicis
815 3929 895 3982 aeque
912 3929 940 3964 sc
954 3912 1057 3982 tragicis
1070 3909 1099 3962 in
1115 3910 1237 3964 Latinum

107 4019 256 4056 sermonem
268 4000 412 4066 translatae,
427 3998 563 4071 placebant
574 3996 678 4066 populu.
697 3991 820 4046 Tandem
833 3992 991 4064 Carthagine
1005 3991 1136 4045 destructa
1149 4001 1175 4045 et
1188 4009 1238 4044 eo-

109 4081 171 4137 dem
190 4101 259 4138 snno
270 4082 398 4138 Corintho
411 4079 506 4148 deleta,
524 4097 603 4150 quurn
616 4075 727 4132 Romani
740 4084 841 4147 captain
860 4083 979 4128 tenerent
994 4073 1141 4137 Graeciam,
1154 4089 1238 4144 quum

109 4179 201 4220 eorum
215 4165 305 4238 spoliis
322 4164 397 4219 aedes
410 4183 467 4218 suns
484 4168 647 4226 eaornerent,
660 4165 732 4212 aucta
742 4165 783 4211 est
796 4157 824 4212 in
838 4157 997 4210 immensum
1010 4157 1171 4210 Graecarum
1184 4163 1238 4207 tam

110 4244 206 4298 artium
222 4265 303 4320 quam
317 4241 462 4302 litterarum
474 4244 609 4319 cupiditss.
621 4239 699 4295 blulti
712 4255 744 4292 ex
757 4233 879 4294 Romanis
884 4279 895 4306 ,
906 4239 986 4294 etism
1000 4234 1141 4292 consularia
1153 4233 1240 4306 digni·

111 4325 172 4383 tatis
184 4325 248 4396 ¹vtrt,
260 4345 305 4384 rea
317 4333 447 4388 ttomruu
457 4345 550 4402 macco
559 4341 680 4406 sermone
692 4321 723 4387 in
734 4319 869 4384 bistorluu
882 4318 1060 4426 consummi,
1070 4325 1101 4375 nt
1112 4319 1149 4375 ait
1160 4314 1240 4374 lusti*

214 4481 305 4564 Coa.
330 4482 423 4569 Nar.
544 4475 556 4487 ’
1077 4469 1134 4550 Bb
