3660 5740
456 489 512 588 16
741 516 946 588 coruum
970 519 1148 584 rororis
1173 523 1275 586 vrrs

443 725 609 806 editione
626 723 801 826 Andreae
827 725 994 804 Schotti.'
1016 723 1253 806 Nondubito
1278 721 1458 817 interim,
1470 728 1569 834 quin

441 845 627 952 pleraque
655 869 702 920 cx
731 847 878 952 Nepote
906 847 1039 925 Victor
1066 844 1326 951 desumpseritt
1345 843 1440 920 Nam
1457 843 1566 948 quod

441 963 658 1042 Ludovicus
677 964 790 1040 Vives
817 963 882 1040 lib.
901 966 936 1037 V
957 963 1005 1039 de
1024 961 1218 1040 tradendis
1244 959 1464 1067 disciplinis,
1490 963 1567 1040 Ne-

439 1097 588 1186 potem,
617 1081 688 1173 ait,
718 1080 767 1158 de
784 1083 939 1158 Graecis
963 1079 1086 1157 solum
1106 1078 1267 1156 ducibus
1288 1081 1503 1186 scripsisse,
1528 1077 1571 1154 id

441 1203 528 1276 satis
545 1197 737 1276 refellitur
756 1199 879 1276 verbis
902 1199 1059 1304 Nepotis
1077 1213 1187 1276 antea
1204 1195 1389 1274 adductis.
1410 1197 1481 1274 Vir
1497 1195 1567 1276 do·

429 1318 636 1408 missimus,
653 1319 707 1394 Io.
725 1317 847 1392 Maria
866 1319 1087 1412 Catenaeus,
1107 1318 1379 1398 commentario
1397 1315 1438 1390 in
1454 1314 1570 1394 Plinii

377 1479 379 1486 ι
440 1431 582 1511 librum
601 1435 669 1527 tv,
686 1436 794 1542 epist.
824 1437 898 1534 28,
926 1463 1024 1540 quae
1061 1434 1110 1552 apl
1135 1436 1315 1512 Severum
1331 1436 1473 1541 scripta
1492 1449 1569 1524 est,

439 1554 552 1628 etiam
570 1553 748 1627 Daretem
770 1551 983 1656 Phrygium
1008 1582 1031 1629 a
1050 1553 1196 1659 Nepote
1223 1549 1448 1630 translatum
1468 1549 1570 1626 arbi·

441 1686 579 1750 tratur.
594 1671 737 1776 Nempe
752 1667 904 1776 decepit
918 1698 1005 1747 eum
1018 1669 1183 1776 vulgaris
1203 1671 1374 1774 ἐπιγραφή.
1393 1669 1571 1748 Attamen

441 1803 480 1864 et
500 1787 565 1862 hic
584 1813 684 1892 aqua
701 1785 834 1864 haeret
850 1788 1001 1880 Vineto,
1020 1793 1120 1867 notis
1139 1793 1181 1866 in
1199 1791 1341 1866 Auson.
1359 1785 1471 1892 ldyll.
1489 1787 1572 1860 Vll.
1636 1879 1647 1903 ι

440 1907 562 2010 Neget
581 1932 681 1995 esse,
708 1908 775 2010 qui
802 1905 898 1982 certi
915 1903 1060 2008 aliquid
1078 1906 1126 1984 de
1153 1907 1357 1984 tralatione
1383 1906 1453 1982 hac
1472 1907 1571 1981 ausit

442 2023 638 2102 affirmare.
665 2026 784 2127 Atqui
803 2050 947 2116 omnes,
966 2024 1104 2124 quibus
1118 2023 1241 2100 ullum
1259 2028 1299 2102 in
1319 2026 1420 2103 hisce
1434 2021 1570 2100 litteris

441 2138 628 2218 iudicium
647 2158 715 2236 est,
734 2143 821 2218 satis
841 2141 985 2234 vident,
1005 2169 1077 2219 nec
1089 2143 1268 2220 Daretera
1285 2140 1392 2220 illum
1411 2167 1490 2219 esse
1507 2166 1571 2243 ge·

440 2260 623 2356 nulnum,
654 2287 725 2336 nec
745 2259 951 2337 dictionem
972 2263 1053 2338 eius
1074 2266 1301 2366 Augusteam
1319 2287 1448 2366 sapere
1469 2274 1569 2335 aeta·

438 2393 529 2468 tem,
547 2377 615 2454 sed
628 2382 883 2456 recentiorem
901 2378 1032 2456 multo.
1049 2383 1234 2486 Nepotem
1254 2398 1383 2460 autent
1402 2380 1569 2456 Caesaris

439 2495 598 2594 Augusti
615 2494 753 2572 obiisse
770 2519 877 2588 aevo,
894 2495 1039 2572 Plinius
1056 2514 1218 2574 testatur
1236 2495 1305 2574 lib.
1324 2498 1392 2590 IX,
1409 2519 1491 2602 cap.
1506 2495 1570 2594 59.

441 2607 663 2712 Atquc·hoo
677 2612 837 2689 fortasse
855 2609 1008 2720 impulit
1027 2613 1328 2707 Genebrardum‚
1346 2630 1391 2690 ut
1404 2627 1570 2719 putaret,

440 2750 527 2802 eum
547 2744 639 2805 nato
668 2731 744 2806 iam
761 2731 912 2808 Christo
935 2735 1177 2838 superstitem
1204 2732 1341 2812 fuisse:
1368 2734 1436 2836 qui
1460 2745 1498 2808 et
1514 2731 1570 2806 la·

442 2840 583 2916 cobum
613 2845 878 2939 Guelterium,
909 2877 1030 2950 quum
1060 2855 1224 2955 primum
1251 2848 1401 2926 tabulas
1440 2846 1572 2922 ederet

442 2956 812 3060 chronographicas,
842 2963 885 3033 in
915 2989 998 3036 eam
1024 2968 1247 3040 sententiam
1266 2965 1462 3066 pertraxit.
1477 2959 1570 3036 ,Sed

440 3074 628 3178 Nepotem
644 3100 691 3150 eo
711 3099 834 3176 usque
851 3091 1012 3154 aetatem
1030 3105 1276 3184 prorogasse,
1294 3103 1407 3154 nemo
1429 3095 1569 3154 temere

441 3190 595 3285 dixerit,
614 3194 681 3295 qui
708 3196 803 3268 tenti
823 3221 910 3270 eum
936 3199 978 3272 in
996 3195 1133 3275 litteris
1155 3200 1319 3276 nominis
1338 3198 1411 3274 iam
1429 3191 1570 3284 Tullii,

442 3311 568 3405 Attici,
585 3311 721 3390 Catulli
744 3315 988 3418 temporibus,
1001 3313 1115 3396 fuisse
1134 3319 1321 3423 cogitarit.
