3618 5776
561 437 840 558 'sacrarium
1061 497 1069 516 ·’
1184 499 1274 604 129

158 719 340 800 quaerere
352 699 612 774 instituerunt.
622 698 666 774 ld
679 695 865 774 Alcibiadi
877 695 1022 777 diutius
1030 700 1176 778 colari·¹
1194 729 1278 780 noa

117 875 124 890 .
158 817 300 920 potuit:
319 831 401 891 erat
421 816 580 890 enimes
601 816 812 919 sagacitate,
834 827 876 891 nt
893 812 1018 918 decipi
1037 844 1118 894 non
1137 837 1276 924 posset,

157 934 377 1036 praesertim
396 931 516 1032 quum
535 933 701 1018 animum
720 929 940 1020 attendisset
974 931 1022 1010 ad
1048 936 1277 1015 cavendum.

156 1049 289 1153 Itaque
307 1047 356 1124 ad
372 1047 702 1151 Tissaphernem,5
721 1048 958 1154 praefectum
979 1053 1078 1154 regis
1094 1053 1215 1146 Darii,
1236 1079 1276 1130 se

156 1163 330 1244 contulit.
349 1165 465 1240 Cuius
483 1191 602 1267 quum
623 1169 664 1240 in
687 1167 855 1242 intimam
886 1167 1086 1242 amicitiam
1102 1174 1119 1222 ⁶
1136 1193 1271 1272 perae·

155 1285 282 1376 nisset,
302 1299 340 1360 ct
355 1281 664 1374 Atheniensium,
685 1281 782 1358 male
801 1285 912 1386 gestis
932 1286 973 1360 in
990 1284 1118 1362 Sicilia
1133 1285 1272 1380 rebus,

156 1427 248 1502 opes
274 1425 493 1491 senescere,
528 1415 663 1476 contre
690 1397 1079 1480 Lacedaemoniorum
1107 1429 1276 1480 crescere

159 1514 323 1607 aiderct3
341 1517 450 1592 initio
469 1541 557 1594 cum
575 1511 757 1593 Pisandro
784 1533 984 1621 praetore,
1005 1521 1074 1623 qui
1092 1519 1191 1624 apud
1211 1519 1276 1598 Se·

158 1659 259 1706 mum
270 1635 478 1710 exercitum
489 1632 665 1726 hahebat,
675 1659 746 1737 per
759 1633 1012 1712 internuntios
1030 1633 1273 1736 colloquitur,

159 1765 198 1824 et
223 1749 271 1826 de
289 1751 416 1828 reditu
435 1777 504 1828 suo
522 1749 615 1828 facit
632 1750 871 1827 mentionem.
891 1753 983 1828 Erat
1003 1754 1102 1832 enim
1119 1752 1253 1834 codem
1264 1808 1284 1860 ,Ι

160 1892 236 1968 quo
255 1865 477 1958 Alcibiades,
503 1895 626 1960 sensu,
654 1865 788 1970 populi
806 1870 998 1971 potentiae
1015 1895 1095 1962 non
1112 1871 1275 1976 amcos,
1378 1861 1385 1878 ’

158 1999 195 2060 et
213 1987 433 2088 optimatum
446 1984 585 2062 fautor.
608 1983 667 2060 Ab
680 1983 753 2060 hoc
767 1983 1007 2077 destitutus‚⁷
1026 1988 1192 2088 primum
1207 2013 1277 2090 per

160 2243 228 2296 inira
245 2247 314 2298 vttt=
330 2253 429 2316 tempus
446 2247 483 2298 rei
499 2244 627 2314 gerendae
643 2261 692 2295 aron
744 2240 830 2294 sutiles
847 2250 873 2294 ct
897 2241 1023 2294 uerisset
1042 2241 1234 2314 inaequabiles,
1251 2251 1279 2316 st

159 2327 264 2380 dimisit.
289 2326 426 2384 Sallustius
450 2328 504 2380 (at.
521 2327 585 2380 XX:
611 2329 695 2391 alles,
745 2323 906 2394 singularem
921 2324 1017 2394 ingenii
1038 2323 1171 2380 solertiam
1190 2323 1278 2380 admi-

159 2423 267 2479 tempns,
288 2411 419 2481 pericula,
438 2421 499 2476 etc.,
517 2410 601 2480 magis
614 2428 692 2482 quarn
745 2405 857 2460 rebatur.
872 2409 982 2459 Ltnme.
998 2405 1070 2460 Alius
1084 2410 1190 2461 intimae
1204 2407 1280 2462 huius

159 2495 239 2546 oratio
256 2493 390 2548 hortentur
400 2515 421 2546 a.
744 2490 871 2543 amicitiae
885 2507 974 2542 causas
991 2491 1065 2542 affort
1078 2491 1191 2545 lustinus
1203 2495 1252 2558 Vt,
1263 2497 1279 2546 5

191 2581 234 2648 (t)
248 2578 283 2632 ld
294 2579 428 2635 Alcibiadi
439 2579 531 2633 diutius
543 2579 629 2639 celari,
644 2585 694 2635 etc.
744 2585 771 2629 et
784 2590 856 2646 seqq.
866 2578 1010 2630 bosius.—-
1024 2575 1099 2628 Male
1112 2579 1198 2646 gestis.
1213 2576 1279 2632 Vide

158 2665 221 2716 Rara
241 2662 354 2730 locutio,
371 2682 451 2734 quam
472 2663 601 2732 vituperat
617 2661 689 2714 ileu·
744 2656 864 2728 Thucyd.
879 2659 928 2710 Vll
946 2668 971 2712 et
990 2657 1223 2731 vttt,·‚Diod0rum
1232 2662 1279 2717 Si-

156 2747 251 2816 singcr.
279 2747 368 2801 Vtitur
388 2753 477 2800 tamen
501 2744 600 2798 Hirtius
625 2741 695 2797 Bell.
743 2739 831 2794 culum
856 2741 938 2810 xt113
959 2740 1099 2794 Aristidem
1122 2742 1277 2814 sophistam,

157 2831 325 2886 Alexandria.
338 2850 361 2886 c.
376 2837 401 2896 t,
418 2830 462 2884 uhi
481 2827 558 2883 multi
571 2829 698 2883 Alexim-
743 2824 854 2878 oration.
870 2833 889 2876 t.
907 2823 937 2886 l.
955 2841 1014 2896 pag.
1034 2829 1083 2878 363
1100 2834 1126 2878 et
1150 2843 1221 2896 seqq.
1236 2829 1277 2882 De

155 2919 241 2972 dsistas
266 2917 373 2990 legunt3
399 2927 426 2970 et
448 2915 529 2970 Oaid.
548 2915 623 2969 Fast.
645 2915 692 2978 IV,
742 2906 848 2960 navium
863 2910 890 2962 in
903 2905 990 2960 Sicilia
1005 2906 1157 2961 amissarum
1167 2928 1279 2964 numero

157 3008 214 3068 149,
230 3003 274 3056 ubi
293 3001 373 3056 multi
393 3006 471 3056 υῑιω,
492 3029 524 3042 -·
542 3001 608 3054 Em
623 3003 691 3053 natm
742 2989 802 3044 vide
819 2991 938 3046 Periaou.
959 2991 992 3044 ad
1014 2991 1117 3046 Aeliam.
1130 2993 1161 3046 V.
1179 2994 1212 3048 ll.
1229 2992 1276 3052 tit.

152 3087 341 3158 easegaeitete.
358 3083 468 3140 lustinus
482 3101 544 3138 vero
562 3100 608 3153 per
626 3101 690 3136 uso·
739 3077 775 3158 ll,
798 3093 853 3142 cap.
878 3077 909 3126 to
930 3081 982 3129 etc.
1002 3103 1035 3118 -
1053 3073 1116 3128 Cum
1142 3076 1276 3132 Pisandro

152 3189 208 3224 sem
229 3169 322 3242 Agidis
344 3168 369 3224 ld
393 3188 454 3223 curn
480 3167 615 3230 rescivisse
643 3167 688 3219 ait.
736 3171 863 3227 praetore.
882 3157 1080 3212 Atheniensium
1101 3157 1208 3214 scilicet.
1307 3207 1315 3228 ,

153 3255 227 3312 Adde
244 3255 347 3308 Plutia
365 3251 498 3308 Alcibiade
516 3252 612 3306 xxiv.
773 3245 815 3310 (7)
826 3243 869 3296 Al
881 3241 929 3294 hos
939 3241 1079 3308 destinans,
1094 3245 1170 3298 Hauc
1183 3253 1274 3300 centra

186 3344 230 3409 (5)
246 3339 291 3393 Ad
305 3336 507 3410 Ttmptmmm,
530 3337 607 3388 lium
624 3334 688 3388 Tis-
737 3345 752 3378 a
766 3326 890 3380 Pisandro
899 3326 1018 3382 adiutum
1033 3326 1125 3384 scribit
1138 3329 1275 3402 Thucydi·

151 3424 312 3496 nutarem
326 3425 387 3478 Asia
400 3419 513 3476 citeriori
529 3428 656 3490 satrapem
672 3435 689 3470 a
737 3406 791 3461 des·
816 3407 917 3465 Eodem
951 3419 1038 3464 tamen
1062 3427 1093 3462 es
1119 3409 1273 3482 Thucydide

152 3509 308 3565 metum.
331 3505 473 3566 alienavit,
494 3514 521 3558 et
544 3502 576 3558 ad
601 3503 684 3556 Athe.
737 3489 879 3562 colligitur,
896 3490 1059 3546 Alcibiadem
1082 3502 1170 3564 postea
1190 3513 1205 3548 a
1224 3494 1272 3548 Pi-

153 3593 239 3648 nieas.
251 3601 335 3664 partes
346 3590 467 3646 traduxit.
477 3587 545 3643 Vide
561 3585 691 3642 Periaad·
736 3577 829 3630 saudro
847 3575 925 3630 luisse
942 3575 1114 3642 destitutum.
1132 3596 1215 3652 toque
1231 3581 1272 3634 ia-

152 3675 253 3730 Aeliau.
269 3677 304 3732 V,
318 3679 349 3728 Η,
363 3674 409 3728 Ιώ,
429 3673 474 3736 lv,
492 3691 514 3728 c,
531 3678 572 3726 45,
738 3662 792 3718 vito
815 3663 848 3716 ab
870 3661 1073 3716 Atheniensibus
1094 3673 1227 3736 receptum
1244 3681 1274 3718 ac

186 3763 228 3829 (6)
247 3759 321 3813 Cuius
336 3775 410 3828 quum
422 3760 450 3810 in
463 3755 578 3808 iminium
593 3755 684 3808 amici·
735 3765 824 3802 rsrum
836 3763 955 3800 summae
968 3746 1152 3816 praepositum.
1168 3747 1274 3818 Thucy·

151 3849 222 3900 tiam
247 3842 352 3896 Morum
369 3838 468 3894 scilicet
489 3855 532 3892 eos
551 3835 686 3891 coniunxit
736 3827 904 3883 did-VIR·-
920 3826 1108 3901 thrasybulum.
1119 3827 1272 3898 Thrasybu-

152 3925 449 3997 similitudo.ltaque,ut
462 3931 548 3976 narrat
557 3917 685 3974 Plutarch.
736 3912 794 3982 lus,
811 3912 843 3965 de
857 3929 910 3984 quo
923 3912 1007 3978 inlrs,
1022 3911 1076 3967 dux
1089 3909 1272 3978 Atheniensis,

152 4014 237 4067 statim
254 4008 402 4066 Alcibiades
415 4003 481 4078 apud
494 4022 557 4060 eum
570 4003 618 4057 luit
631 4001 686 4074 pri·
735 3996 884 4064 inexilium
902 3998 1015 4063 eiectus,
1035 3995 1145 4052 Athenis
1161 4015 1272 4068 ωιιιμ-

152 4114 211 4150 snua
227 4105 255 4152 et
270 4094 414 4150 maximus:
431 4109 495 4146 uam
520 4106 602 4162 mum
624 4086 684 4140 Τίς·
735 4083 915 4144 ratocsercitu
931 4080 1158 4146 omniqrestituit.
1172 4077 1271 4134 exules·

152 4180 289 4252 saphernes
301 4189 368 4236 esset
385 4179 497 4233 minime
508 4173 627 4247 simples,
639 4170 686 4226 'sed
735 4183 805 4238 que,
817 4166 887 4222 luter
899 4183 964 4237 quos
976 4174 1031 4219 erat
1048 4161 1205 4233 Alcibiades,
1216 4162 1270 4236 ple·

153 4261 294 4317 malitiosus
326 4271 353 4316 et
385 4277 473 4314 rerum
508 4255 686 4330 improbarum
735 4251 827 4308 bisclto
843 4251 954 4308 seduxit.
973 4249 1036 4305 tit.
1055 4251 1138 4306 Cicer.
1154 4247 1270 4324 Philipp.

152 4349 238 4402 amori
252 4346 364 4414 deditus,
376 4363 463 4400 mores
478 4340 618 4402 Alcibiadis
630 4359 686 4398 ser«
735 4337 759 4410 l,
775 4345 801 4396 et
817 4335 906 4398 Valet.
926 4333 996 4400 Max.
1017 4334 1066 4404 tv,
1080 4342 1106 4416 t,
1125 4341 1179 4396 est.
1197 4340 1223 4394 t.
1235 4361 1269 4382 ·-·

256 4434 345 4513 Con.
370 4433 463 4516 Nea.
1145 4418 1167 4495 I
