3398 5640
726 476 947 546 vtntottVtt
1161 572 1167 578 ,
1307 471 1404 584 4⁰7

245 652 257 715 l
286 680 471 742 misirere.
491 682 520 735 Sl
548 679 667 752 vulgetur
690 678 755 734 ordo
776 689 942 746 remeetur,
966 679 1143 738 duriusculum
1165 682 1221 742 lore
1244 683 1409 746 ertstimarlt'.

245 757 257 835 f
288 760 406 823 omuino
419 776 504 818 antem
520 765 660 817 Puteanum
672 781 775 835 sequor,
788 763 908 818 esrmdem
922 784 1036 830 sensum,
1046 769 1101 819 sine
1116 770 1321 839 transpositione,
1333 788 1411 843 agno·

245 839 257 893 l
288 861 412 907 mntem.
439 847 507 914 Quid
528 849 599 898 enim
617 846 711 899 durum
732 846 819 900 ittudt
837 848 946 901 Arbores
962 862 1033 902 eram
1049 850 1096 902 lsoo
1112 853 1234 917 oonsilio,
1250 866 1276 906 ee
1293 869 1345 926 teg.
1365 851 1406 907 Ad
1491 885 1496 894 »

245 920 256 976 l
290 930 439 987 euitandam
458 928 648 999 repetitionem,
664 946 745 999 qurum
768 927 896 997 praeclare
912 932 997 1002 primo
1014 929 1118 1000 quidem
1140 936 1284 1003 generatim
1309 951 1410 1007 pugnae

245 992 257 1055 l
288 1012 363 1067 lanius
376 1003 530 1069 adiumenta,
547 1028 635 1063 novam
649 1023 729 1062 amem
739 1012 812 1077 (nov.
826 1010 960 1064 consilium
973 1011 1035 1064 alibi
1047 1025 1131 1075 uocat,
1141 1013 1270 1085 singulare
1283 1015 1409 1072 nimirum

246 1070 255 1127 l
288 1104 315 1150 et
331 1112 345 1148 e
360 1111 389 1148 re
412 1101 470 1144 neta
495 1091 612 1146 celeriter
627 1097 774 1162 repertum)
794 1105 819 1144 et
838 1097 893 1146 uine
909 1112 1031 1146 nmmum
1050 1112 1078 1168 ec
1099 1095 1278 1151 fortitudinem
1293 1097 1409 1152 militum

245 1171 253 1251 l
288 1176 422 1250 posuisset,
436 1173 532 1227 deinde
550 1185 631 1226 artem
651 1174 705 1226 eise
725 1173 861 1226 consillum
879 1177 987 1244 (nomen
1004 1178 1096 1230 iterare
1114 1197 1167 1233 non
1184 1191 1238 1236 eret
1251 1185 1367 1251 necesse)
1381 1181 1409 1237 ln

245 1256 253 1311 l
288 1258 440 1314 instruenda
454 1257 508 1311 acie
522 1255 629 1326 locoque
649 1255 760 1326 legendo
776 1257 895 1326 exponit:
913 1255 1133 1327 quemadmodum
1156 1264 1271 1316 uirtrrtem
1291 1263 1408 1318 miiitum

245 1334 251 1375 ¹
288 1354 362 1394 num.
381 1344 404 1394 t.
419 1337 510 1391 itidem
525 1353 640 1390 ssorssm
658 1337 781 1390 ostendit.
798 1339 911 1391 Ardores
926 1352 996 1390 eram
1010 1339 1057 1391 lsou
1067 1341 1180 1395 muritta:
1198 1360 1250 1396 non
1263 1362 1324 1399 sane
1336 1355 1410 1400 erent

245 1403 249 1459 l
276 1420 337 1474 'bne
350 1418 468 1484 consilim
480 1417 525 1470 red
539 1418 598 1488 quia
611 1417 810 1485 erent,consilio
822 1417 909 1471 solerti
922 1418 985 1471 esici
998 1422 1266 1490 accommodebentur3
1278 1425 1310 1477 ed
1323 1442 1353 1479 ee
1363 1426 1410 1481 eei.

245 1488 247 1536 ἶ
289 1502 360 1567 iicet,
375 1517 440 1573 quae
458 1498 623 1570 praecedunt,
640 1497 772 1551 referenda
785 1509 822 1553 est
844 1499 907 1553 beec
920 1499 1095 1574 βραχυλογία.
1115 1503 1190 1572 Quod
1207 1505 1338 1560 obiectum
1355 1516 1408 1572 est,

288 1583 405 1636 ardorum
422 1584 551 1634 raritatem
565 1598 616 1632 non
636 1582 755 1651 impedire
768 1585 911 1650 equitatum,
927 1583 971 1634 red
988 1583 1146 1638 crebritatem
1159 1585 1238 1639 sileae
1249 1606 1280 1640 aa
1292 1587 1409 1644 densita·-

288 1679 347 1734 um,
364 1683 417 1716 nou
431 1664 600 1716 concesserim
619 1665 734 1715 omnino.
749 1663 814 1730 Quis
829 1662 901 1715 enim
919 1680 971 1714 non
991 1662 1086 1729 videat,
1101 1667 1207 1720 arbores
1224 1666 1283 1721 licet
1300 1687 1367 1722 raras
1379 1680 1406 1725 et

245 1771 248 1776 v
288 1762 336 1819 per
352 1747 445 1798 seriem
459 1754 555 1809 enatus,
566 1741 609 1795 sed
627 1742 718 1796 multis
730 1740 792 1796 locis
809 1751 907 1806 temen,
917 1741 1031 1799 Miltiadi
1043 1744 1198 1812 subsidium,
1210 1745 1277 1802 hosti
1291 1749 1405 1820 impedi·

289 1835 407 1881 mentum
421 1824 544 1889 attulisee,
557 1824 629 1876 cuiue
647 1826 744 1893 equites
761 1840 809 1875 nec
822 1821 930 1894 ubique,
951 1841 999 1876 nec
1017 1823 1099 1878 libero
1116 1824 1235 1893 incursu,
1254 1831 1407 1903 impetuque

287 1926 317 1962 sc
333 1925 444 1972 recursu,
457 1923 505 1959 nec
519 1915 618 1976 quanto
634 1905 770 1976 cupiebant
784 1905 888 1976 agmine
904 1905 1027 1960 arborum
1040 1906 1190 1961 interventu
1204 1909 1320 1980 praelieri
1334 1921 1407 1984 pote·

287 1995 353 2040 rent.
370 1988 440 2056 Ergo
454 1984 495 2039 blo
509 1985 615 2056 quidem
633 1985 697 2039 nihil
711 1986 832 2057 scrupuli.
853 1984 914 2039 Sole
932 1996 1026 2050 restat,
1046 2005 1113 2058 quae
1130 2000 1299 2055 memoretur,
1316 1989 1405 2045 blere-

289 2067 371 2124 tironii
385 2068 469 2138 campi
487 2065 616 2137 planities.
629 2067 680 2121 Sed
696 2067 757 2139 quid
772 2066 936 2138 implicemur
950 2084 1005 2121 rem
1017 2070 1078 2122 setis
1097 2070 1268 2139 expeditam?
1290 2071 1332 2125 An
1353 2091 1404 2142 pu·

287 2159 366 2223 quant
377 2150 431 2202 leta:
443 2163 547 2218 campus
560 2146 614 2216 ipse
628 2147 719 2218 plenus
733 2157 786 2200 eret
798 2157 825 2201 et
834 2148 961 2221 equitatui
973 2159 1055 2220 aptus3
1068 2159 1094 2204 et
1104 2150 1153 2203 sub
1166 2150 1296 2205 radicibus
1308 2155 1407 2206 montis

288 2229 381 2292 edsitl,
397 2227 500 2281 arbores
517 2226 606 2283 multis
623 2229 687 2283 loeis
708 2232 810 2283 tractim
825 2239 915 2283 enetae
929 2229 1084 2285 visebantur.
1106 2230 1256 2286 Geilserdrss
1271 2241 1357 2287 umen
1374 2234 1408 2286 de

288 2312 415 2368 ardoribus
430 2315 563 2376 prostratis
585 2311 710 2374 coniicit,
732 2311 763 2364 ad
782 2312 978 2383 impediendum
997 2315 1138 2381 equitatum
1164 2313 1278 2367 hostium
1300 2314 1348 2380 (ret
1363 2332 1407 2387 ap.

287 2395 406 2450 Frontin.
422 2399 448 2458 2,
461 2397 512 2463 9.);
528 2395 606 2463 igitur
617 2411 665 2463 pro
682 2411 758 2447 rarae
774 2392 912 2466 legendum
931 2402 997 2448 esset
1020 2407 1127 2458 stratae,
1145 2394 1250 2467 quodsi
1266 2396 1294 2447 in
1319 2394 1408 2451 codice

287 2473 342 2528 ullo
354 2472 517 2545 reperiretur,
530 2473 583 2527 iem
601 2473 680 2527 dublo
696 2492 737 2526 res
751 2482 858 2538 careret,
871 2472 1022 2544 optimeque
1035 2473 1135 2526 consilii
1148 2473 1213 2527 retlo
1226 2473 1408 2544 explicaretur,

287 2557 415 2610 nimirum
432 2567 460 2609 ut
473 2572 486 2607 e
501 2565 573 2626 tergo
590 2555 742 2618 montibus,
765 2554 843 2608 latere
860 2554 1028 2609 concaedibus
1048 2556 1163 2609 munitos
1180 2555 1351 2608 Athenienses
1363 2555 1405 2609 in·

286 2638 475 2711 telligeremur.
490 2639 576 2692 Boecl.
590 2641 676 2713 Atque
690 2641 726 2693 sle
742 2638 820 2692 etiam
836 2637 981 2690 Baubnerus
996 2636 1190 2691 rescribendum
1203 2637 1406 2692 censebat.liem

288 2720 317 2773 in
331 2721 526 2774 Commentario
542 2718 573 2772 ad
591 2719 617 2772 ls.
633 2719 649 2770 l.
663 2721 739 2785 Haec,
753 2722 844 2790 inquit,
861 2717 1043 2772 absurdissime
1056 2714 1131 2769 lectio
1144 2727 1191 2771 est.
1199 2715 1407 2789 Legendum'vel

285 2815 377 2857 stratae
395 2803 438 2855 vel
462 2815 537 2856 ratae.
560 2804 693 2872 Significat
710 2818 736 2854 n.
753 2811 796 2854 aut
817 2800 936 2871 depectus
952 2798 1047 2870 passim
1072 2808 1176 2852 truncos
1201 2798 1341 2860 arborum.
1358 2808 1402 2855 eut

284 2894 377 2937 stretos
387 2885 477 2948 luisse,
492 2883 584 2954 quibus
598 2900 711 2936 accessus
723 2882 838 2953 equitum
852 2880 1032 2952 impediretur.
1043 2881 1133 2951 Longe
1148 2879 1283 2933 inferiores
1296 2897 1407 2941 numero

287 2976 362 3020 erent
376 2967 476 3033 Graeci3
494 2970 590 3038 itaque,
607 2983 641 3017 ne
655 2964 820 3018 barbarorum
835 2961 1005 3017 multitudine
1018 2961 1209 3027 clauderentur,
1221 2963 1316 3034 purtim
1330 2962 1407 3018 eloel

285 3049 393 3116 ingenio
413 3048 532 3120 petebant
549 3046 725 3119 praesidium,
746 3046 841 3118 partim
858 3053 912 3097 erte
935 3055 1013 3116 etque
1029 3043 1132 3098 solertia
1149 3043 1302 3098 efficiebant.
1320 3043 1404 3099 Locus

284 3128 401 3194 faciebat,
420 3149 452 3183 ne
469 3149 499 3182 ex
514 3129 590 3182 altera
606 3138 685 3198 parte.
699 3146 748 3199 qua
763 3135 864 3180 montes
875 3127 1023 3196 surgebant,
1039 3124 1124 3176 invadi
1145 3133 1257 3194 possente
1273 3142 1314 3178 ere
1328 3141 1402 3189 vero,

285 3228 327 3273 ne,
345 3229 395 3282 qus
412 3210 513 3282 patebat
534 3229 653 3279 campus,
671 3211 801 3263 incurrere
819 3209 944 3276 equitatus
967 3215 1068 3276 posset,
1085 3204 1174 3275 positis
1190 3215 1280 3261 contre
1305 3208 1405 3267 truncis

284 3291 419 3356 erbetum,
432 3293 475 3361 qui
489 3290 646 3362 impedirent
663 3289 820 3343 accedentes.
840 3287 955 3343 Pertinet
974 3286 1022 3340 hoo
1038 3285 1070 3343 ed
1083 3286 1220 3357 septimun
1235 3285 1404 3357 depugnandi

245 3381 255 3392 ”
285 3375 411 3431 rationem
424 3376 536 3446 vegetii,
554 3373 587 3428 sle
601 3391 661 3445 que,
679 3381 706 3425 ut
720 3372 828 3428 caeteris
839 3373 915 3425 etiem
933 3368 980 3423 lib.
1002 3369 1050 3431 ili,
1072 3387 1127 3440 cap.
1149 3373 1181 3425 tu
1198 3370 1315 3439 seponit.
1332 3371 1405 3426 Herc
1427 3402 1438 3421 0

288 3456 521 3522 Buelnerrsslldibi,
535 3466 563 3511 ut
579 3456 691 3527 ingenue
709 3455 798 3518 letrau,
810 3450 926 3508 nondum
940 3449 1027 3520 liquet.
1041 3451 1325 3519 cerimoniamque
1338 3449 1402 3508 itit·

287 3536 367 3593 tiedes
384 3557 443 3592 usus
459 3548 497 3594 est
509 3538 630 3593 aduersus
644 3536 774 3600 Barberoe,
791 3530 865 3602 panio
880 3533 1010 3587 diuersam
1026 3530 1088 3588 iecit
1102 3529 1223 3587 Clemens
1235 3528 1373 3586 Alexandr.
1388 3531 1401 3583 i

288 3629 375 3674 strom.
389 3638 414 3689 p.
427 3639 464 3675 sn.
478 3626 536 3677 343.
549 3617 643 3681 Noctu,
657 3618 761 3687 inquit,
780 3615 854 3667 duait
871 3613 1048 3675 Athenienses,
1061 3630 1107 3682 prr
1122 3613 1179 3667 looa
1196 3615 1279 3667 inuia.
1291 3614 1339 3666 iter
1350 3612 1405 3680 se·

288 3703 365 3764 amne,
382 3714 405 3753 et
417 3721 467 3766 eos,
481 3707 522 3771 qui
535 3705 617 3771 ipsum
630 3698 798 3756 observabant,
816 3695 941 3751 Barbaros
955 3694 1085 3761 decipiens.
1100 3690 1208 3760 Hippiae
1221 3695 1298 3754 reim,
1308 3696 1350 3760 qui
1360 3692 1405 3749 de·
1449 3734 1454 3743 .

286 3786 382 3855 {iurat
399 3784 431 3839 ab
444 3784 644 3847 Atheniensibus,
665 3781 783 3835 tertam
799 3782 827 3832 in
839 3780 954 3833 Atticam
971 3774 1117 3836 induruerat,
1134 3785 1158 3825 θ’
1174 3786 1323 3842 Wt'lws
1341 3791 1404 3839 W

287 3877 521 3932 praeoccupaverat,
535 3865 591 3919 ioco
604 3863 722 3923 servabat,
737 3856 870 3929 propioris
883 3856 951 3926 quad
963 3867 1017 3906 arat
1033 3855 1127 3921 peritus
1138 3855 1257 3923 regionis.
1274 3853 1316 3909 Ar
1327 3852 1403 3925 diffi-

289 3945 337 4001 uile
348 3945 450 4015 quidm
466 3958 519 4001 erat
525 3985 537 4013 ,
548 3947 625 4001 intere
647 3943 776 4014 Hrppr'am.
801 3937 877 3995 Vnde
890 3941 979 4002 merito
996 3935 1131 3990 Miltiades
1137 3973 1148 4000 ,
1168 3946 1193 3991 et
1209 3936 1273 3989 loris
1292 3937 1365 3991 inuiis
1377 3946 1403 3993 et

289 4037 359 4079 nocte
371 4046 436 4092 usur,
449 4046 583 4098 aggressus
596 4027 699 4092 Perses,
713 4021 797 4095 quitus
808 4031 916 4090 praerat
929 4017 1013 4082 Datis,
1027 4018 1052 4069 r‘n
1065 4020 1267 4072 caronnacum
1281 4018 1323 4083 iis,
1338 4035 1402 4088 qsso·

290 4125 345 4159 nem
358 4111 409 4176 ipse
424 4109 475 4162 dua
492 4122 554 4173 erat,
564 4112 673 4178 superior
685 4110 772 4159 evasit,
786 4101 849 4156 Vult
866 4111 951 4157 eutem
968 4117 1028 4152 auus
1043 4099 1069 4151 in
1087 4096 1176 4152 harre
1192 4096 1294 4159 moisen
1312 4095 1404 4157 imite-
1432 4144 1434 4148 .

291 4194 358 4239 turn.
372 4186 469 4244 Bosiue.
485 4191 551 4245 cod.
564 4192 629 4242 Dan.
643 4195 771 4249 instructa,
787 4203 849 4237 stoan
859 4183 939 4254 partie
956 4199 1052 4234 summu
1064 4181 1277 4248 proclamauit·
1291 4176 1365 4237 [aeid.
1377 4189 1404 4243 et

291 4285 342 4333 etun
357 4272 510 4345 apertisime
516 4290 556 4346 pr.
570 4289 633 4332 oum.
648 4274 722 4331 vose.
739 4270 768 4335 C,
788 4271 908 4328 instaura
932 4267 959 4321 in
977 4272 1049 4339 petit
1066 4265 1156 4326 nautis
1169 4279 1265 4319 summ
1278 4279 1323 4338 pr.
1337 4278 1403 4329 com,
