<?xml version="1.0" encoding="UTF-8"?>
<!DOCTYPE html PUBLIC "-//W3C//DTD XHTML 1.0 Transitional//EN"
    "http://www.w3.org/TR/xhtml1/DTD/xhtml1-transitional.dtd">
<html xmlns="http://www.w3.org/1999/xhtml" xml:lang="en" lang="en">
 <head>
  <title>
</title>
<meta http-equiv="Content-Type" content="text/html;charset=utf-8" />
  <meta name='ocr-system' content='tesseract 3.04.00' />
  <meta name='ocr-capabilities' content='ocr_page ocr_carea ocr_par ocr_line ocrx_word'/>
</head>
<body>
  <div class='ocr_page' id='page_1' title='image "./corneliinepotis13nepogoog_0153.png"; bbox 0 0 3618 5776; ppageno 0'>
   <div class='ocr_carea' id='block_1_1' title="bbox 635 557 1274 670">
    <p class='ocr_par' dir='ltr' id='par_1_1' title="bbox 635 557 1274 670">
     <span class='ocr_line' id='line_1_1' title="bbox 635 557 1274 670; baseline 0.014 -42"><span class='ocrx_word' id='word_1_1' title='bbox 635 558 787 632; x_wconf 80' lang='lat' dir='ltr'><strong>rouen</strong></span> <span class='ocrx_word' id='word_1_2' title='bbox 1181 557 1274 670; x_wconf 80' lang='lat'><strong>149</strong></span> 
     </span>
    </p>
   </div>
   <div class='ocr_carea' id='block_1_2' title="bbox 139 757 1276 2646">
    <p class='ocr_par' dir='ltr' id='par_1_2' title="bbox 139 757 1276 1558">
     <span class='ocr_line' id='line_1_2' title="bbox 147 757 1276 880; baseline 0.005 -30"><span class='ocrx_word' id='word_1_3' title='bbox 147 763 427 872; x_wconf 85' lang='lat' dir='ltr'><strong>Peloponnesio</strong></span> <span class='ocrx_word' id='word_1_4' title='bbox 453 763 593 848; x_wconf 71' lang='lat' dir='ltr'><strong>bello⁴</strong></span> <span class='ocrx_word' id='word_1_5' title='bbox 620 757 932 878; x_wconf 72' lang='lat' dir='ltr'><strong>praetor,&#39;qunns</strong></span> <span class='ocrx_word' id='word_1_6' title='bbox 949 769 1055 880; x_wconf 89' lang='lat' dir='ltr'><strong>apud</strong></span> <span class='ocrx_word' id='word_1_7' title='bbox 1068 769 1192 880; x_wconf 83' lang='lat' dir='ltr'><strong>Aegos</strong></span> <span class='ocrx_word' id='word_1_8' title='bbox 1206 773 1276 856; x_wconf 86' lang='lat' dir='ltr'><strong>flu·-</strong></span> 
     </span>
     <span class='ocr_line' id='line_1_3' title="bbox 140 887 1275 996; baseline 0.004 -27"><span class='ocrx_word' id='word_1_9' title='bbox 140 889 237 969; x_wconf 77' lang='lat' dir='ltr'><strong>n&#39;sen</strong></span> <span class='ocrx_word' id='word_1_10' title='bbox 264 889 396 994; x_wconf 88' lang='lat' dir='ltr'><strong>copiae</strong></span> <span class='ocrx_word' id='word_1_11' title='bbox 423 887 708 967; x_wconf 79' lang='lat' dir='ltr'><strong>Atheniensium</strong></span> <span class='ocrx_word' id='word_1_12' title='bbox 727 917 749 966; x_wconf 91' lang='lat' dir='ltr'><strong>a</strong></span> <span class='ocrx_word' id='word_1_13' title='bbox 765 889 971 996; x_wconf 78' lang='lat' dir='ltr'><strong>Lysandro</strong></span> <span class='ocrx_word' id='word_1_14' title='bbox 984 907 1075 968; x_wconf 88' lang='lat' dir='ltr'><strong>sunt</strong></span> <span class='ocrx_word' id='word_1_15' title='bbox 1091 891 1275 974; x_wconf 86' lang='lat' dir='ltr'><strong>devictae.</strong></span> 
     </span>
     <span class='ocr_line' id='line_1_4' title="bbox 147 1003 1275 1112; baseline 0.009 -30"><span class='ocrx_word' id='word_1_16' title='bbox 147 1006 222 1089; x_wconf 83' lang='lat' dir='ltr'><strong>Sed</strong></span> <span class='ocrx_word' id='word_1_17' title='bbox 248 1013 331 1083; x_wconf 84' lang='lat' dir='ltr'><strong>tum</strong></span> <span class='ocrx_word' id='word_1_18' title='bbox 357 1003 526 1096; x_wconf 78' lang='lat' dir='ltr'><strong>abfuit,⁵</strong></span> <span class='ocrx_word' id='word_1_19' title='bbox 552 1033 676 1112; x_wconf 85' lang='lat' dir='ltr'><strong>eoque</strong></span> <span class='ocrx_word' id='word_1_20' title='bbox 701 1009 812 1112; x_wconf 88' lang='lat' dir='ltr'><strong>peius</strong></span> <span class='ocrx_word' id='word_1_21' title='bbox 838 1035 901 1086; x_wconf 88' lang='lat' dir='ltr'><strong>res</strong></span> <span class='ocrx_word' id='word_1_22' title='bbox 917 1008 1178 1088; x_wconf 83' lang='lat' dir='ltr'><strong>administrata</strong></span> <span class='ocrx_word' id='word_1_23' title='bbox 1204 1019 1275 1092; x_wconf 81' lang='lat' dir='ltr'><strong>eal.</strong></span> 
     </span>
     <span class='ocr_line' id='line_1_5' title="bbox 146 1123 1271 1232; baseline 0.002 -26"><span class='ocrx_word' id='word_1_24' title='bbox 146 1127 243 1207; x_wconf 83' lang='lat' dir='ltr'><strong>Nam</strong></span> <span class='ocrx_word' id='word_1_25' title='bbox 268 1142 307 1200; x_wconf 88' lang='lat' dir='ltr'><strong>et</strong></span> <span class='ocrx_word' id='word_1_26' title='bbox 331 1123 500 1225; x_wconf 83' lang='lat' dir='ltr'><strong>prudens</strong></span> <span class='ocrx_word' id='word_1_27' title='bbox 525 1125 580 1202; x_wconf 86' lang='lat' dir='ltr'><strong>rei</strong></span> <span class='ocrx_word' id='word_1_28' title='bbox 607 1123 797 1220; x_wconf 87' lang='lat' dir='ltr'><strong>militaris,</strong></span> <span class='ocrx_word' id='word_1_29' title='bbox 824 1143 865 1202; x_wconf 92' lang='lat' dir='ltr'><strong>et</strong></span> <span class='ocrx_word' id='word_1_30' title='bbox 898 1125 1061 1232; x_wconf 82' lang='lat' dir='ltr'><strong>diligens</strong></span> <span class='ocrx_word' id='word_1_31' title='bbox 1087 1145 1172 1206; x_wconf 86' lang='lat' dir='ltr'><strong>erat</strong></span> <span class='ocrx_word' id='word_1_32' title='bbox 1196 1131 1271 1208; x_wconf 90' lang='lat' dir='ltr'><strong>im·</strong></span> 
     </span>
     <span class='ocr_line' id='line_1_6' title="bbox 148 1243 1275 1351; baseline 0.002 -29"><span class='ocrx_word' id='word_1_33' title='bbox 148 1244 257 1350; x_wconf 82' lang='lat' dir='ltr'><strong>perii.</strong></span> <span class='ocrx_word' id='word_1_34' title='bbox 277 1243 409 1345; x_wconf 87' lang='lat' dir='ltr'><strong>Itaque</strong></span> <span class='ocrx_word' id='word_1_35' title='bbox 436 1243 577 1320; x_wconf 89' lang='lat' dir='ltr'><strong>nemini</strong></span> <span class='ocrx_word' id='word_1_36' title='bbox 604 1259 687 1320; x_wconf 88' lang='lat' dir='ltr'><strong>erat</strong></span> <span class='ocrx_word' id='word_1_37' title='bbox 711 1243 769 1322; x_wconf 89' lang='lat' dir='ltr'><strong>his</strong></span> <span class='ocrx_word' id='word_1_38' title='bbox 794 1244 1030 1351; x_wconf 73' lang='lat' dir='ltr'><strong>temporibus</strong></span> <span class='ocrx_word' id='word_1_39' title='bbox 1056 1243 1230 1340; x_wconf 88' lang='lat' dir='ltr'><strong>dubium,</strong></span> <span class='ocrx_word' id='word_1_40' title='bbox 1243 1249 1275 1324; x_wconf 89' lang='lat' dir='ltr'><strong>si</strong></span> 
     </span>
     <span class='ocr_line' id='line_1_7' title="bbox 146 1359 1273 1474; baseline 0.009 -36"><span class='ocrx_word' id='word_1_41' title='bbox 146 1363 336 1455; x_wconf 81' lang='lat' dir='ltr'><strong>affuisset,</strong></span> <span class='ocrx_word' id='word_1_42' title='bbox 361 1359 465 1438; x_wconf 88' lang='lat' dir='ltr'><strong>illam</strong></span> <span class='ocrx_word' id='word_1_43' title='bbox 492 1359 739 1442; x_wconf 80' lang='lat' dir='ltr'><strong>Athenienses</strong></span> <span class='ocrx_word' id='word_1_44' title='bbox 766 1360 1015 1444; x_wconf 70' lang='lat' dir='ltr'><strong>calamitatem</strong></span> <span class='ocrx_word' id='word_1_45' title='bbox 1047 1383 1273 1474; x_wconf 82' lang='lat' dir='ltr'><strong>accepturos</strong></span> 
     </span>
     <span class='ocr_line' id='line_1_8' title="bbox 139 1478 894 1558; baseline -0.009 0"><span class='ocrx_word' id='word_1_46' title='bbox 139 1503 228 1558; x_wconf 83' lang='lat' dir='ltr'><strong>uon</strong></span> <span class='ocrx_word' id='word_1_47' title='bbox 254 1478 380 1556; x_wconf 86' lang='lat' dir='ltr'><strong>luisse.</strong></span> <span class='ocrx_word' id='word_1_48' title='bbox 882 1491 894 1506; x_wconf 84' lang='grc'>”</span> 
     </span>
    </p>

    <p class='ocr_par' dir='ltr' id='par_1_3' title="bbox 140 1595 1274 2646">
     <span class='ocr_line' id='line_1_9' title="bbox 149 1595 1274 1706; baseline 0.009 -35"><span class='ocrx_word' id='word_1_49' title='bbox 149 1648 153 1658; x_wconf 76' lang='lat'><em>·</em></span> <span class='ocrx_word' id='word_1_50' title='bbox 196 1597 242 1672; x_wconf 88' lang='lat' dir='ltr'><strong>II.</strong></span> <span class='ocrx_word' id='word_1_51' title='bbox 267 1595 398 1674; x_wconf 81' lang='lat' dir='ltr'><strong>liebus</strong></span> <span class='ocrx_word' id='word_1_52' title='bbox 424 1612 551 1674; x_wconf 82' lang='lat' dir='ltr'><strong>autent</strong></span> <span class='ocrx_word' id='word_1_53' title='bbox 566 1597 742 1674; x_wconf 82' lang='lat' dir='ltr'><strong>afflietisi</strong></span> <span class='ocrx_word' id='word_1_54' title='bbox 773 1625 896 1702; x_wconf 88' lang='lat' dir='ltr'><strong>quum</strong></span> <span class='ocrx_word' id='word_1_55' title='bbox 922 1601 1091 1706; x_wconf 86' lang='lat' dir='ltr'><strong>patriam</strong></span> <span class='ocrx_word' id='word_1_56' title='bbox 1103 1599 1274 1680; x_wconf 84' lang='lat' dir='ltr'><strong>obsideri</strong></span> 
     </span>
     <span class='ocr_line' id='line_1_10' title="bbox 144 1714 1273 1822; baseline 0.008 -32"><span class='ocrx_word' id='word_1_57' title='bbox 144 1714 333 1806; x_wconf 84' lang='lat' dir='ltr'><strong>audisset,</strong></span> <span class='ocrx_word' id='word_1_58' title='bbox 358 1741 438 1792; x_wconf 91' lang='lat' dir='ltr'><strong>non</strong></span> <span class='ocrx_word' id='word_1_59' title='bbox 463 1716 763 1819; x_wconf 81' lang='lat' dir='ltr'><strong>quaesivit„ubi</strong></span> <span class='ocrx_word' id='word_1_60' title='bbox 789 1719 870 1822; x_wconf 89' lang='lat' dir='ltr'><strong>ipse</strong></span> <span class='ocrx_word' id='word_1_61' title='bbox 895 1723 984 1796; x_wconf 85' lang='lat' dir='ltr'><strong>tuto</strong></span> <span class='ocrx_word' id='word_1_62' title='bbox 1011 1719 1179 1812; x_wconf 84' lang='lat' dir='ltr'><strong>viveret,</strong></span> <span class='ocrx_word' id='word_1_63' title='bbox 1206 1719 1273 1798; x_wconf 85' lang='lat' dir='ltr'><strong>sed</strong></span> 
     </span>
     <span class='ocr_line' id='line_1_11' title="bbox 144 1833 1272 1941; baseline 0.002 -31"><span class='ocrx_word' id='word_1_64' title='bbox 144 1837 248 1910; x_wconf 85' lang='lat' dir='ltr'><strong>unde</strong></span> <span class='ocrx_word' id='word_1_65' title='bbox 266 1833 451 1938; x_wconf 87' lang='lat' dir='ltr'><strong>praesidio</strong></span> <span class='ocrx_word' id='word_1_66' title='bbox 478 1848 605 1936; x_wconf 87' lang='lat' dir='ltr'><strong>posset</strong></span> <span class='ocrx_word' id='word_1_67' title='bbox 631 1859 710 1910; x_wconf 88' lang='lat' dir='ltr'><strong>esse</strong></span> <span class='ocrx_word' id='word_1_68' title='bbox 725 1833 884 1919; x_wconf 82' lang='lat' dir='ltr'><strong>¹nivibus</strong></span> <span class='ocrx_word' id='word_1_69' title='bbox 900 1836 990 1914; x_wconf 82' lang='lat' dir='ltr'><strong>suis.</strong></span> <span class='ocrx_word' id='word_1_70' title='bbox 1015 1836 1151 1941; x_wconf 86' lang='lat' dir='ltr'><strong>Itaque</strong></span> <span class='ocrx_word' id='word_1_71' title='bbox 1177 1859 1272 1913; x_wconf 86' lang='lat' dir='ltr'><strong>oon-</strong></span> 
     </span>
     <span class='ocr_line' id='line_1_12' title="bbox 143 1948 1272 2059; baseline 0.005 -33"><span class='ocrx_word' id='word_1_72' title='bbox 143 1949 232 2056; x_wconf 82' lang='lat' dir='ltr'><strong>tulit</strong></span> <span class='ocrx_word' id='word_1_73' title='bbox 257 1975 298 2026; x_wconf 85' lang='lat' dir='ltr'><strong>ae</strong></span> <span class='ocrx_word' id='word_1_74' title='bbox 323 1949 373 2026; x_wconf 91' lang='lat' dir='ltr'><strong>ad</strong></span> <span class='ocrx_word' id='word_1_75' title='bbox 402 1948 709 2044; x_wconf 67' lang='lat' dir='ltr'><strong>Pharnabazum,</strong></span> <span class='ocrx_word' id='word_1_76' title='bbox 727 1954 744 2006; x_wconf 84' lang='lat'>²</span> <span class='ocrx_word' id='word_1_77' title='bbox 762 1968 950 2058; x_wconf 89' lang='lat' dir='ltr'><strong>satrapem</strong></span> <span class='ocrx_word' id='word_1_78' title='bbox 976 1955 1107 2032; x_wconf 87' lang='lat' dir='ltr'><strong>Ioniae</strong></span> <span class='ocrx_word' id='word_1_79' title='bbox 1133 1968 1174 2032; x_wconf 87' lang='lat' dir='ltr'><strong>et</strong></span> <span class='ocrx_word' id='word_1_80' title='bbox 1197 1955 1272 2059; x_wconf 80' lang='lat' dir='ltr'><strong>Ly-</strong></span> 
     </span>
     <span class='ocr_line' id='line_1_13' title="bbox 143 2066 1269 2180; baseline 0.005 -36"><span class='ocrx_word' id='word_1_81' title='bbox 143 2067 246 2160; x_wconf 86' lang='lat' dir='ltr'><strong>diae,</strong></span> <span class='ocrx_word' id='word_1_82' title='bbox 272 2066 525 2174; x_wconf 87' lang='lat' dir='ltr'><strong>eumdemque</strong></span> <span class='ocrx_word' id='word_1_83' title='bbox 552 2093 737 2172; x_wconf 71' lang='lat' dir='ltr'><strong>generum</strong></span> <span class='ocrx_word' id='word_1_84' title='bbox 763 2073 863 2176; x_wconf 73' lang='lat' dir='ltr'><strong>regis</strong></span> <span class='ocrx_word' id='word_1_85' title='bbox 901 2087 942 2149; x_wconf 86' lang='lat' dir='ltr'><strong>et</strong></span> <span class='ocrx_word' id='word_1_86' title='bbox 975 2074 1269 2180; x_wconf 81' lang='lat' dir='ltr'><strong>propinquums</strong></span> 
     </span>
     <span class='ocr_line' id='line_1_14' title="bbox 142 2185 1267 2292; baseline 0.004 -30"><span class='ocrx_word' id='word_1_87' title='bbox 142 2188 245 2291; x_wconf 86' lang='lat' dir='ltr'><strong>epod</strong></span> <span class='ocrx_word' id='word_1_88' title='bbox 270 2215 386 2292; x_wconf 88' lang='lat' dir='ltr'><strong>quem</strong></span> <span class='ocrx_word' id='word_1_89' title='bbox 398 2203 441 2262; x_wconf 89' lang='lat' dir='ltr'><strong>ut</strong></span> <span class='ocrx_word' id='word_1_90' title='bbox 461 2185 623 2262; x_wconf 87' lang='lat' dir='ltr'><strong>multum</strong></span> <span class='ocrx_word' id='word_1_91' title='bbox 641 2189 762 2292; x_wconf 77' lang='lat' dir='ltr'><strong>gratia</strong></span> <span class='ocrx_word' id='word_1_92' title='bbox 787 2187 957 2282; x_wconf 83' lang='lat' dir='ltr'><strong>valeret,</strong></span> <span class='ocrx_word' id='word_1_93' title='bbox 984 2188 1110 2268; x_wconf 88' lang='lat' dir='ltr'><strong>multo</strong></span> <span class='ocrx_word' id='word_1_94' title='bbox 1131 2187 1267 2266; x_wconf 87' lang='lat' dir='ltr'><strong>labore</strong></span> 
     </span>
     <span class='ocr_line' id='line_1_15' title="bbox 143 2300 1272 2412; baseline 0.008 -37"><span class='ocrx_word' id='word_1_95' title='bbox 143 2300 352 2408; x_wconf 86' lang='lat' dir='ltr'><strong>multisque</strong></span> <span class='ocrx_word' id='word_1_96' title='bbox 379 2303 504 2380; x_wconf 82' lang='lat' dir='ltr'><strong>effecit</strong></span> <span class='ocrx_word' id='word_1_97' title='bbox 529 2302 719 2409; x_wconf 85' lang='lat' dir='ltr'><strong>periculis.</strong></span> <span class='ocrx_word' id='word_1_98' title='bbox 755 2307 850 2384; x_wconf 87' lang='lat' dir='ltr'><strong>Nam</strong></span> <span class='ocrx_word' id='word_1_99' title='bbox 876 2331 998 2412; x_wconf 82' lang='lat' dir='ltr'><strong>quum</strong></span> <span class='ocrx_word' id='word_1_100' title='bbox 1023 2305 1272 2386; x_wconf 84' lang='lat' dir='ltr'><strong>Laoedaenso·</strong></span> 
     </span>
     <span class='ocr_line' id='line_1_16' title="bbox 143 2417 1272 2513; baseline 0.008 -23"><span class='ocrx_word' id='word_1_101' title='bbox 143 2417 212 2505; x_wconf 91' lang='lat' dir='ltr'><strong>nii,</strong></span> <span class='ocrx_word' id='word_1_102' title='bbox 243 2418 538 2496; x_wconf 77' lang='lat' dir='ltr'><strong>Atheniensibus</strong></span> <span class='ocrx_word' id='word_1_103' title='bbox 563 2419 739 2513; x_wconf 84' lang='lat' dir='ltr'><strong>devictis,</strong></span> <span class='ocrx_word' id='word_1_104' title='bbox 765 2423 805 2498; x_wconf 91' lang='lat' dir='ltr'><strong>in</strong></span> <span class='ocrx_word' id='word_1_105' title='bbox 832 2424 1010 2498; x_wconf 87' lang='lat' dir='ltr'><strong>societate</strong></span> <span class='ocrx_word' id='word_1_106' title='bbox 1034 2447 1117 2499; x_wconf 88' lang='lat' dir='ltr'><strong>non</strong></span> <span class='ocrx_word' id='word_1_107' title='bbox 1143 2447 1272 2499; x_wconf 86' lang='lat' dir='ltr'><strong>mane·</strong></span> 
     </span>
     <span class='ocr_line' id='line_1_17' title="bbox 140 2535 1268 2646; baseline 0.009 -38"><span class='ocrx_word' id='word_1_108' title='bbox 140 2549 231 2616; x_wconf 84' lang='lat' dir='ltr'><strong>rent</strong></span> <span class='ocrx_word' id='word_1_109' title='bbox 242 2541 289 2627; x_wconf 85' lang='lat'><strong>,³</strong></span> <span class='ocrx_word' id='word_1_110' title='bbox 315 2563 434 2642; x_wconf 87' lang='lat' dir='ltr'><strong>quam</strong></span> <span class='ocrx_word' id='word_1_111' title='bbox 459 2561 544 2614; x_wconf 88' lang='lat' dir='ltr'><strong>eum</strong></span> <span class='ocrx_word' id='word_1_112' title='bbox 569 2539 777 2616; x_wconf 77' lang='lat' dir='ltr'><strong>Artaxerxe</strong></span> <span class='ocrx_word' id='word_1_113' title='bbox 803 2539 1002 2634; x_wconf 82' lang='lat' dir='ltr'><strong>fecerant,</strong></span> <span class='ocrx_word' id='word_1_114' title='bbox 1035 2535 1268 2646; x_wconf 77' lang='lat' dir='ltr'><strong>Agesilaum·</strong></span> 
     </span>
    </p>
   </div>
   <div class='ocr_carea' id='block_1_3' title="bbox 171 2768 1270 2845">
    <p class='ocr_par' dir='ltr' id='par_1_4' title="bbox 171 2768 1270 2845">
     <span class='ocr_line' id='line_1_18' title="bbox 171 2768 1270 2845; baseline 0.003 -21"><span class='ocrx_word' id='word_1_115' title='bbox 171 2772 217 2840; x_wconf 81' lang='lat' dir='ltr'><strong>(t)</strong></span> <span class='ocrx_word' id='word_1_116' title='bbox 228 2771 355 2830; x_wconf 67' lang='lat' dir='ltr'><strong>uersas</strong></span> <span class='ocrx_word' id='word_1_117' title='bbox 367 2769 553 2844; x_wconf 80' lang='lat' dir='ltr'><strong>Peloponnesio</strong></span> <span class='ocrx_word' id='word_1_118' title='bbox 563 2773 640 2828; x_wconf 82' lang='lat' dir='ltr'><strong>Aello.</strong></span> <span class='ocrx_word' id='word_1_119' title='bbox 648 2771 676 2826; x_wconf 88' lang='lat' dir='ltr'><strong>ld</strong></span> <span class='ocrx_word' id='word_1_120' title='bbox 727 2769 822 2835; x_wconf 76' lang='lat' dir='ltr'><strong>aimus.</strong></span> <span class='ocrx_word' id='word_1_121' title='bbox 837 2772 957 2844; x_wconf 72' lang='lat' dir='ltr'><strong>Cyprum</strong></span> <span class='ocrx_word' id='word_1_122' title='bbox 971 2768 1006 2826; x_wconf 86' lang='lat' dir='ltr'><strong>sd</strong></span> <span class='ocrx_word' id='word_1_123' title='bbox 1018 2772 1166 2844; x_wconf 65' lang='lat' dir='ltr'><strong>usqum</strong></span> <span class='ocrx_word' id='word_1_124' title='bbox 1177 2787 1270 2845; x_wconf 62' lang='lat' dir='ltr'><strong>regn</strong></span> 
     </span>
    </p>
   </div>
   <div class='ocr_carea' id='block_1_4' title="bbox 136 2854 1270 4544">
    <p class='ocr_par' dir='ltr' id='par_1_5' title="bbox 136 2854 1270 4544">
     <span class='ocr_line' id='line_1_19' title="bbox 139 2854 1270 2928; baseline 0.001 -16"><span class='ocrx_word' id='word_1_125' title='bbox 139 2864 179 2912; x_wconf 80' lang='lat' dir='ltr'><strong>est</strong></span> <span class='ocrx_word' id='word_1_126' title='bbox 195 2867 313 2912; x_wconf 73' lang='lat' dir='ltr'><strong>extremo</strong></span> <span class='ocrx_word' id='word_1_127' title='bbox 336 2857 441 2914; x_wconf 78' lang='lat' dir='ltr'><strong>huiusce</strong></span> <span class='ocrx_word' id='word_1_128' title='bbox 465 2857 528 2912; x_wconf 91' lang='lat' dir='ltr'><strong>belli</strong></span> <span class='ocrx_word' id='word_1_129' title='bbox 547 2877 624 2912; x_wconf 92' lang='lat' dir='ltr'><strong>anuo.</strong></span> <span class='ocrx_word' id='word_1_130' title='bbox 644 2885 677 2902; x_wconf 83' lang='grc'>-</span> <span class='ocrx_word' id='word_1_131' title='bbox 727 2857 837 2928; x_wconf 67' lang='grc' dir='ltr'><strong>ιιιίυςίις</strong></span> <span class='ocrx_word' id='word_1_132' title='bbox 854 2855 898 2912; x_wconf 86' lang='lat' dir='ltr'><strong>ubi</strong></span> <span class='ocrx_word' id='word_1_133' title='bbox 912 2874 995 2928; x_wconf 79' lang='lat' dir='ltr'><strong>quum</strong></span> <span class='ocrx_word' id='word_1_134' title='bbox 1009 2854 1270 2923; x_wconf 64' lang='lat' dir='ltr'><strong>distentatione</strong></span> 
     </span>
     <span class='ocr_line' id='line_1_20' title="bbox 138 2939 1267 3014; baseline -0.002 -16"><span class='ocrx_word' id='word_1_135' title='bbox 138 2941 219 3012; x_wconf 73' lang='lat' dir='ltr'><strong>Apud</strong></span> <span class='ocrx_word' id='word_1_136' title='bbox 231 2943 328 3012; x_wconf 67' lang='lat' dir='ltr'><strong>Aegos.</strong></span> <span class='ocrx_word' id='word_1_137' title='bbox 355 2942 424 2998; x_wconf 83' lang='lat' dir='ltr'><strong>Vide</strong></span> <span class='ocrx_word' id='word_1_138' title='bbox 442 2945 470 2996; x_wconf 94' lang='lat' dir='ltr'><strong>in</strong></span> <span class='ocrx_word' id='word_1_139' title='bbox 493 2943 630 3014; x_wconf 77' lang='lat' dir='ltr'><strong>Lysandro</strong></span> <span class='ocrx_word' id='word_1_140' title='bbox 645 2947 668 2997; x_wconf 90' lang='lat'><strong>1.</strong></span> <span class='ocrx_word' id='word_1_141' title='bbox 727 2939 835 2994; x_wconf 83' lang='lat' dir='ltr'><strong>destrunt</strong></span> <span class='ocrx_word' id='word_1_142' title='bbox 851 2939 1045 2995; x_wconf 79' lang='lat' dir='ltr'><strong>Pharnabazum</strong></span> <span class='ocrx_word' id='word_1_143' title='bbox 1057 2941 1123 2998; x_wconf 90' lang='lat' dir='ltr'><strong>adiit</strong></span> <span class='ocrx_word' id='word_1_144' title='bbox 1131 2939 1182 2996; x_wconf 81' lang='lat' dir='ltr'><strong>&#39;vel</strong></span> <span class='ocrx_word' id='word_1_145' title='bbox 1199 2944 1267 3014; x_wconf 83' lang='lat' dir='ltr'><strong>ipse,</strong></span> 
     </span>
     <span class='ocr_line' id='line_1_21' title="bbox 171 3021 1266 3098; baseline 0.004 -22"><span class='ocrx_word' id='word_1_146' title='bbox 171 3026 216 3098; x_wconf 58' lang='lat' dir='ltr'><strong>gs)</strong></span> <span class='ocrx_word' id='word_1_147' title='bbox 241 3023 298 3076; x_wconf 86' lang='lat' dir='ltr'><strong>Sed</strong></span> <span class='ocrx_word' id='word_1_148' title='bbox 323 3037 375 3078; x_wconf 83' lang='lat' dir='ltr'><strong>tans</strong></span> <span class='ocrx_word' id='word_1_149' title='bbox 398 3025 491 3098; x_wconf 79' lang='lat' dir='ltr'><strong>adsuit.</strong></span> <span class='ocrx_word' id='word_1_150' title='bbox 515 3025 676 3096; x_wconf 79' lang='lat' dir='ltr'><strong>Xenophon.</strong></span> <span class='ocrx_word' id='word_1_151' title='bbox 727 3024 771 3080; x_wconf 81' lang='lat' dir='ltr'><strong>vet</strong></span> <span class='ocrx_word' id='word_1_152' title='bbox 786 3023 871 3078; x_wconf 86' lang='lat' dir='ltr'><strong>missis</strong></span> <span class='ocrx_word' id='word_1_153' title='bbox 889 3021 992 3087; x_wconf 82' lang='lat' dir='ltr'><strong>litteris.</strong></span> <span class='ocrx_word' id='word_1_154' title='bbox 1006 3025 1046 3079; x_wconf 92' lang='lat' dir='ltr'><strong>uti</strong></span> <span class='ocrx_word' id='word_1_155' title='bbox 1063 3025 1145 3080; x_wconf 77' lang='lat' dir='ltr'><strong>refert</strong></span> <span class='ocrx_word' id='word_1_156' title='bbox 1161 3023 1266 3080; x_wconf 78' lang='lat' dir='ltr'><strong>Plutar-</strong></span> 
     </span>
     <span class='ocr_line' id='line_1_22' title="bbox 138 3105 1266 3180; baseline 0.002 -18"><span class='ocrx_word' id='word_1_157' title='bbox 138 3105 203 3162; x_wconf 77' lang='lat' dir='ltr'><strong>nist</strong></span> <span class='ocrx_word' id='word_1_158' title='bbox 213 3123 257 3180; x_wconf 57' lang='grc' dir='ltr'><strong>ρ.</strong></span> <span class='ocrx_word' id='word_1_159' title='bbox 269 3109 304 3176; x_wconf 87' lang='lat' dir='ltr'><strong>li,</strong></span> <span class='ocrx_word' id='word_1_160' title='bbox 317 3116 344 3162; x_wconf 89' lang='lat' dir='ltr'><strong>et</strong></span> <span class='ocrx_word' id='word_1_161' title='bbox 360 3107 513 3164; x_wconf 80' lang='lat' dir='ltr'><strong>Plutarchus</strong></span> <span class='ocrx_word' id='word_1_162' title='bbox 531 3110 560 3164; x_wconf 89' lang='lat' dir='ltr'><strong>in</strong></span> <span class='ocrx_word' id='word_1_163' title='bbox 578 3109 675 3175; x_wconf 77' lang='lat' dir='ltr'><strong>Alcib,</strong></span> <span class='ocrx_word' id='word_1_164' title='bbox 725 3105 790 3162; x_wconf 87' lang='lat' dir='ltr'><strong>ebus</strong></span> <span class='ocrx_word' id='word_1_165' title='bbox 804 3107 832 3161; x_wconf 92' lang='lat' dir='ltr'><strong>in</strong></span> <span class='ocrx_word' id='word_1_166' title='bbox 846 3107 985 3161; x_wconf 75' lang='lat' dir='ltr'><strong>Artaxerxe</strong></span> <span class='ocrx_word' id='word_1_167' title='bbox 1002 3107 1117 3164; x_wconf 71' lang='lat' dir='ltr'><strong>m.-</strong></span> <span class='ocrx_word' id='word_1_168' title='bbox 1135 3111 1266 3164; x_wconf 72' lang='lat' dir='ltr'><strong>(lenem</strong></span> 
     </span>
     <span class='ocr_line' id='line_1_23' title="bbox 136 3189 1266 3264; baseline 0.002 -18"><span class='ocrx_word' id='word_1_169' title='bbox 136 3190 273 3246; x_wconf 84' lang='lat' dir='ltr'><strong>Cononem</strong></span> <span class='ocrx_word' id='word_1_170' title='bbox 286 3190 392 3248; x_wconf 87' lang='lat' dir='ltr'><strong>tradunt</strong></span> <span class='ocrx_word' id='word_1_171' title='bbox 405 3191 503 3264; x_wconf 89' lang='lat' dir='ltr'><strong>praelio</strong></span> <span class='ocrx_word' id='word_1_172' title='bbox 516 3193 674 3259; x_wconf 76' lang='lat' dir='ltr'><strong>interfuisse,</strong></span> <span class='ocrx_word' id='word_1_173' title='bbox 726 3194 805 3264; x_wconf 67' lang='lat' dir='ltr'><strong>regis.</strong></span> <span class='ocrx_word' id='word_1_174' title='bbox 822 3191 972 3248; x_wconf 80' lang='lat' dir='ltr'><strong>Artaxerxis</strong></span> <span class='ocrx_word' id='word_1_175' title='bbox 988 3189 1087 3246; x_wconf 81' lang='lat' dir='ltr'><strong>scilieet</strong></span> <span class='ocrx_word' id='word_1_176' title='bbox 1105 3191 1266 3261; x_wconf 84' lang='lat' dir='ltr'><strong>Alnemonia,</strong></span> 
     </span>
     <span class='ocr_line' id='line_1_24' title="bbox 136 3274 1265 3348; baseline 0.003 -18"><span class='ocrx_word' id='word_1_177' title='bbox 136 3274 373 3346; x_wconf 81' lang='lat' dir='ltr'><strong>suorumqueeiade</strong></span> <span class='ocrx_word' id='word_1_178' title='bbox 387 3278 621 3348; x_wconf 84' lang='lat' dir='ltr'><strong>peraperta(quurn</strong></span> <span class='ocrx_word' id='word_1_179' title='bbox 634 3279 674 3332; x_wconf 83' lang='lat' dir='ltr'><strong>ui·</strong></span> <span class='ocrx_word' id='word_1_180' title='bbox 727 3277 800 3330; x_wconf 89' lang='lat' dir='ltr'><strong>euius</strong></span> <span class='ocrx_word' id='word_1_181' title='bbox 817 3278 945 3347; x_wconf 75' lang='lat' dir='ltr'><strong>Apertam</strong></span> <span class='ocrx_word' id='word_1_182' title='bbox 960 3274 1043 3330; x_wconf 82' lang='lat' dir='ltr'><strong>filiam</strong></span> <span class='ocrx_word' id='word_1_183' title='bbox 1062 3275 1180 3333; x_wconf 76' lang='lat' dir='ltr'><strong>duxerat.</strong></span> <span class='ocrx_word' id='word_1_184' title='bbox 1200 3277 1265 3333; x_wconf 87' lang='lat' dir='ltr'><strong>Ple·</strong></span> 
     </span>
     <span class='ocr_line' id='line_1_25' title="bbox 136 3357 1267 3434; baseline 0.005 -22"><span class='ocrx_word' id='word_1_185' title='bbox 136 3357 217 3414; x_wconf 88' lang='lat' dir='ltr'><strong>disset</strong></span> <span class='ocrx_word' id='word_1_186' title='bbox 230 3359 429 3416; x_wconf 76' lang='lat' dir='ltr'><strong>Atheniensium</strong></span> <span class='ocrx_word' id='word_1_187' title='bbox 442 3362 542 3434; x_wconf 78' lang='lat' dir='ltr'><strong>sepias,</strong></span> <span class='ocrx_word' id='word_1_188' title='bbox 558 3360 672 3434; x_wconf 76' lang='lat' dir='ltr'><strong>collega·</strong></span> <span class='ocrx_word' id='word_1_189' title='bbox 726 3359 829 3414; x_wconf 87' lang='lat' dir='ltr'><strong>terrhus</strong></span> <span class='ocrx_word' id='word_1_190' title='bbox 846 3361 875 3414; x_wconf 94' lang='lat' dir='ltr'><strong>in</strong></span> <span class='ocrx_word' id='word_1_191' title='bbox 891 3361 1043 3416; x_wconf 74' lang='lat' dir='ltr'><strong>Artaxerxe.</strong></span> <span class='ocrx_word' id='word_1_192' title='bbox 1060 3389 1095 3406; x_wconf 77' lang='grc' dir='ltr'><strong>ι-</strong></span> <span class='ocrx_word' id='word_1_193' title='bbox 1111 3361 1267 3418; x_wconf 79' lang='lat' dir='ltr'><strong>Gmtiave·</strong></span> 
     </span>
     <span class='ocr_line' id='line_1_26' title="bbox 137 3439 1266 3516; baseline 0 -16"><span class='ocrx_word' id='word_1_194' title='bbox 137 3460 196 3500; x_wconf 85' lang='lat' dir='ltr'><strong>runt</strong></span> <span class='ocrx_word' id='word_1_195' title='bbox 211 3447 311 3500; x_wconf 83' lang='lat' dir='ltr'><strong>incuria</strong></span> <span class='ocrx_word' id='word_1_196' title='bbox 333 3445 458 3502; x_wconf 85' lang='lat' dir='ltr'><strong>militibus</strong></span> <span class='ocrx_word' id='word_1_197' title='bbox 479 3445 600 3516; x_wconf 80' lang='lat' dir='ltr'><strong>dilapsis,</strong></span> <span class='ocrx_word' id='word_1_198' title='bbox 619 3465 674 3502; x_wconf 87' lang='lat' dir='ltr'><strong>esse</strong></span> <span class='ocrx_word' id='word_1_199' title='bbox 724 3444 791 3498; x_wconf 65' lang='lat' dir='ltr'><strong>m</strong></span> <span class='ocrx_word' id='word_1_200' title='bbox 803 3444 834 3500; x_wconf 89' lang='lat' dir='ltr'><strong>id</strong></span> <span class='ocrx_word' id='word_1_201' title='bbox 846 3453 893 3512; x_wconf 85' lang='lat' dir='ltr'><strong>ess,</strong></span> <span class='ocrx_word' id='word_1_202' title='bbox 905 3439 935 3498; x_wconf 88' lang='lat' dir='ltr'><strong>tlt</strong></span> <span class='ocrx_word' id='word_1_203' title='bbox 948 3461 1011 3500; x_wconf 85' lang='lat' dir='ltr'><strong>essm</strong></span> <span class='ocrx_word' id='word_1_204' title='bbox 1024 3443 1183 3502; x_wconf 62' lang='lat' dir='ltr'><strong>buvalum</strong></span> <span class='ocrx_word' id='word_1_205' title='bbox 1195 3445 1266 3501; x_wconf 84' lang='lat' dir='ltr'><strong>edin·</strong></span> 
     </span>
     <span class='ocr_line' id='line_1_27' title="bbox 137 3527 938 3605; baseline 0.007 -21"><span class='ocrx_word' id='word_1_206' title='bbox 137 3530 265 3602; x_wconf 79' lang='lat' dir='ltr'><strong>devictas)</strong></span> <span class='ocrx_word' id='word_1_207' title='bbox 273 3571 284 3598; x_wconf 89' lang='lat'><em>,</em></span> <span class='ocrx_word' id='word_1_208' title='bbox 300 3533 362 3588; x_wconf 87' lang='lat' dir='ltr'><strong>eitm</strong></span> <span class='ocrx_word' id='word_1_209' title='bbox 385 3551 429 3588; x_wconf 89' lang='lat' dir='ltr'><strong>sna</strong></span> <span class='ocrx_word' id='word_1_210' title='bbox 449 3532 561 3605; x_wconf 87' lang='lat' dir='ltr'><strong>aliisque</strong></span> <span class='ocrx_word' id='word_1_211' title='bbox 574 3543 675 3604; x_wconf 84' lang='lat' dir='ltr'><strong>septem</strong></span> <span class='ocrx_word' id='word_1_212' title='bbox 724 3535 808 3582; x_wconf 57' lang='lat' dir='ltr'><strong>lolem</strong></span> <span class='ocrx_word' id='word_1_213' title='bbox 823 3527 938 3584; x_wconf 66' lang='lat' dir='ltr'><strong>hiberti·</strong></span> 
     </span>
     <span class='ocr_line' id='line_1_28' title="bbox 138 3613 1265 3693; baseline 0 -21"><span class='ocrx_word' id='word_1_214' title='bbox 138 3617 248 3672; x_wconf 83' lang='lat' dir='ltr'><strong>nauibus</strong></span> <span class='ocrx_word' id='word_1_215' title='bbox 262 3619 345 3676; x_wconf 85' lang='lat' dir='ltr'><strong>milite</strong></span> <span class='ocrx_word' id='word_1_216' title='bbox 361 3618 505 3693; x_wconf 85' lang='lat' dir='ltr'><strong>completis,</strong></span> <span class='ocrx_word' id='word_1_217' title='bbox 525 3628 550 3672; x_wconf 90' lang='lat' dir='ltr'><strong>et</strong></span> <span class='ocrx_word' id='word_1_218' title='bbox 568 3619 672 3685; x_wconf 87' lang='lat' dir='ltr'><strong>Persio,</strong></span> <span class='ocrx_word' id='word_1_219' title='bbox 758 3617 801 3683; x_wconf 71' lang='grc' dir='ltr'><strong>(ὃ)</strong></span> <span class='ocrx_word' id='word_1_220' title='bbox 814 3613 847 3666; x_wconf 76' lang='lat' dir='ltr'><strong>lo</strong></span> <span class='ocrx_word' id='word_1_221' title='bbox 863 3615 980 3668; x_wconf 65' lang='lat' dir='ltr'><strong>rosim</strong></span> <span class='ocrx_word' id='word_1_222' title='bbox 990 3633 1041 3670; x_wconf 79' lang='lat' dir='ltr'><strong>non</strong></span> <span class='ocrx_word' id='word_1_223' title='bbox 1053 3629 1197 3673; x_wconf 70' lang='lat' dir='ltr'><strong>mmm.</strong></span> <span class='ocrx_word' id='word_1_224' title='bbox 1212 3615 1265 3671; x_wconf 85' lang='lat' dir='ltr'><strong>Di·</strong></span> 
     </span>
     <span class='ocr_line' id='line_1_29' title="bbox 138 3699 1267 3777; baseline 0.003 -22"><span class='ocrx_word' id='word_1_225' title='bbox 138 3718 205 3756; x_wconf 81' lang='lat' dir='ltr'><strong>nare</strong></span> <span class='ocrx_word' id='word_1_226' title='bbox 217 3703 331 3774; x_wconf 89' lang='lat' dir='ltr'><strong>publiea,</strong></span> <span class='ocrx_word' id='word_1_227' title='bbox 348 3707 468 3777; x_wconf 79' lang='lat' dir='ltr'><strong>Cyprum</strong></span> <span class='ocrx_word' id='word_1_228' title='bbox 482 3703 515 3760; x_wconf 88' lang='lat' dir='ltr'><strong>ad</strong></span> <span class='ocrx_word' id='word_1_229' title='bbox 526 3705 674 3777; x_wconf 72' lang='lat' dir='ltr'><strong>Euagorant</strong></span> <span class='ocrx_word' id='word_1_230' title='bbox 724 3709 825 3770; x_wconf 66' lang='lat' dir='ltr'><strong>strepat</strong></span> <span class='ocrx_word' id='word_1_231' title='bbox 849 3717 863 3752; x_wconf 90' lang='lat' dir='ltr'><strong>s</strong></span> <span class='ocrx_word' id='word_1_232' title='bbox 888 3699 1063 3773; x_wconf 74' lang='lat' dir='ltr'><strong>Xenophonte</strong></span> <span class='ocrx_word' id='word_1_233' title='bbox 1081 3709 1109 3755; x_wconf 88' lang='lat' dir='ltr'><strong>et</strong></span> <span class='ocrx_word' id='word_1_234' title='bbox 1125 3699 1267 3758; x_wconf 78' lang='lat' dir='ltr'><strong>Plutarcho</strong></span> 
     </span>
     <span class='ocr_line' id='line_1_30' title="bbox 137 3785 1265 3862; baseline 0.003 -22"><span class='ocrx_word' id='word_1_235' title='bbox 137 3805 226 3862; x_wconf 76' lang='lat' dir='ltr'><strong>regent</strong></span> <span class='ocrx_word' id='word_1_236' title='bbox 243 3787 378 3860; x_wconf 76' lang='lat' dir='ltr'><strong>aufugisse.</strong></span> <span class='ocrx_word' id='word_1_237' title='bbox 724 3797 822 3842; x_wconf 87' lang='lat' dir='ltr'><strong>noster.</strong></span> <span class='ocrx_word' id='word_1_238' title='bbox 840 3785 883 3840; x_wconf 88' lang='lat' dir='ltr'><strong>illi</strong></span> <span class='ocrx_word' id='word_1_239' title='bbox 898 3787 971 3841; x_wconf 88' lang='lat' dir='ltr'><strong>enim</strong></span> <span class='ocrx_word' id='word_1_240' title='bbox 989 3795 1097 3842; x_wconf 86' lang='lat' dir='ltr'><strong>narrant</strong></span> <span class='ocrx_word' id='word_1_241' title='bbox 1112 3787 1265 3860; x_wconf 68' lang='lat' dir='ltr'><strong>Agesilaum</strong></span> 
     </span>
     <span class='ocr_line' id='line_1_31' title="bbox 170 3869 1263 3942; baseline 0.006 -20"><span class='ocrx_word' id='word_1_242' title='bbox 170 3873 212 3942; x_wconf 87' lang='lat' dir='ltr'><strong>(s)</strong></span> <span class='ocrx_word' id='word_1_243' title='bbox 229 3869 309 3924; x_wconf 78' lang='lat' dir='ltr'><strong>liebus</strong></span> <span class='ocrx_word' id='word_1_244' title='bbox 322 3885 403 3926; x_wconf 82' lang='lat' dir='ltr'><strong>asaem</strong></span> <span class='ocrx_word' id='word_1_245' title='bbox 415 3871 626 3942; x_wconf 78' lang='lat' dir='ltr'><strong>efflictis.Nant‚</strong></span> <span class='ocrx_word' id='word_1_246' title='bbox 644 3879 673 3926; x_wconf 90' lang='lat' dir='ltr'><strong>ut</strong></span> <span class='ocrx_word' id='word_1_247' title='bbox 723 3890 739 3927; x_wconf 91' lang='lat' dir='ltr'><strong>a</strong></span> <span class='ocrx_word' id='word_1_248' title='bbox 752 3871 962 3927; x_wconf 77' lang='lat' dir='ltr'><strong>Lacedaemoniis</strong></span> <span class='ocrx_word' id='word_1_249' title='bbox 975 3871 1004 3926; x_wconf 91' lang='lat' dir='ltr'><strong>in</strong></span> <span class='ocrx_word' id='word_1_250' title='bbox 1018 3873 1110 3928; x_wconf 84' lang='lat' dir='ltr'><strong>Asiam</strong></span> <span class='ocrx_word' id='word_1_251' title='bbox 1123 3891 1181 3928; x_wconf 87' lang='lat' dir='ltr'><strong>esse</strong></span> <span class='ocrx_word' id='word_1_252' title='bbox 1193 3875 1263 3928; x_wconf 82' lang='lat' dir='ltr'><strong>mis-</strong></span> 
     </span>
     <span class='ocr_line' id='line_1_32' title="bbox 138 3951 1265 4029; baseline 0 -19"><span class='ocrx_word' id='word_1_253' title='bbox 138 3953 249 4012; x_wconf 88' lang='lat' dir='ltr'><strong>iustinus</strong></span> <span class='ocrx_word' id='word_1_254' title='bbox 281 3957 323 4021; x_wconf 85' lang='lat' dir='ltr'><strong>V,</strong></span> <span class='ocrx_word' id='word_1_255' title='bbox 348 3961 374 4019; x_wconf 75' lang='grc' dir='ltr'><strong>Β,</strong></span> <span class='ocrx_word' id='word_1_256' title='bbox 393 3957 530 4011; x_wconf 84' lang='lat' dir='ltr'><strong>sDeiletae</strong></span> <span class='ocrx_word' id='word_1_257' title='bbox 546 3975 575 4011; x_wconf 88' lang='lat' dir='ltr'><strong>se</strong></span> <span class='ocrx_word' id='word_1_258' title='bbox 592 3973 673 4029; x_wconf 88' lang='lat' dir='ltr'><strong>prope</strong></span> <span class='ocrx_word' id='word_1_259' title='bbox 723 3969 800 4018; x_wconf 83' lang='lat' dir='ltr'><strong>suns,</strong></span> <span class='ocrx_word' id='word_1_260' title='bbox 818 3951 937 4024; x_wconf 89' lang='lat' dir='ltr'><strong>eoquod</strong></span> <span class='ocrx_word' id='word_1_261' title='bbox 958 3953 1102 4008; x_wconf 87' lang='lat' dir='ltr'><strong>esereiirsns</strong></span> <span class='ocrx_word' id='word_1_262' title='bbox 1126 3961 1155 4008; x_wconf 88' lang='lat' dir='ltr'><strong>et</strong></span> <span class='ocrx_word' id='word_1_263' title='bbox 1170 3952 1265 4010; x_wconf 88' lang='lat' dir='ltr'><strong>elsases</strong></span> 
     </span>
     <span class='ocr_line' id='line_1_33' title="bbox 137 4035 1265 4116; baseline -0.004 -18"><span class='ocrx_word' id='word_1_264' title='bbox 137 4044 252 4116; x_wconf 82' lang='lat' dir='ltr'><strong>perditae</strong></span> <span class='ocrx_word' id='word_1_265' title='bbox 267 4039 327 4098; x_wconf 89' lang='lat' dir='ltr'><strong>urbi</strong></span> <span class='ocrx_word' id='word_1_266' title='bbox 343 4039 429 4096; x_wconf 87' lang='lat' dir='ltr'><strong>hostes</strong></span> <span class='ocrx_word' id='word_1_267' title='bbox 447 4041 672 4113; x_wconf 79' lang='lat' dir='ltr'><strong>(Lacedaemonii)</strong></span> <span class='ocrx_word' id='word_1_268' title='bbox 723 4035 847 4094; x_wconf 83' lang='lat' dir='ltr'><strong>adversus</strong></span> <span class='ocrx_word' id='word_1_269' title='bbox 857 4038 971 4092; x_wconf 74' lang='lat' dir='ltr'><strong>Graecos</strong></span> <span class='ocrx_word' id='word_1_270' title='bbox 983 4037 1016 4092; x_wconf 91' lang='lat' dir='ltr'><strong>ab</strong></span> <span class='ocrx_word' id='word_1_271' title='bbox 1028 4037 1170 4092; x_wconf 76' lang='lat' dir='ltr'><strong>Artenam</strong></span> <span class='ocrx_word' id='word_1_272' title='bbox 1179 4037 1265 4111; x_wconf 79' lang='lat' dir='ltr'><strong>pressi</strong></span> 
     </span>
     <span class='ocr_line' id='line_1_34' title="bbox 137 4115 1263 4202; baseline -0.007 -18"><span class='ocrx_word' id='word_1_273' title='bbox 137 4132 330 4202; x_wconf 84' lang='lat' dir='ltr'><strong>superveniunt,</strong></span> <span class='ocrx_word' id='word_1_274' title='bbox 347 4141 384 4195; x_wconf 86' lang='lat' dir='ltr'><strong>et,</strong></span> <span class='ocrx_word' id='word_1_275' title='bbox 401 4128 536 4184; x_wconf 84' lang='lat' dir='ltr'><strong>obsidione</strong></span> <span class='ocrx_word' id='word_1_276' title='bbox 556 4127 670 4181; x_wconf 81' lang='lat' dir='ltr'><strong>cirrum·</strong></span> <span class='ocrx_word' id='word_1_277' title='bbox 723 4121 876 4178; x_wconf 84' lang='lat' dir='ltr'><strong>audiissent.</strong></span> <span class='ocrx_word' id='word_1_278' title='bbox 884 4115 944 4176; x_wconf 81' lang='lat' dir='ltr'><strong>lion</strong></span> <span class='ocrx_word' id='word_1_279' title='bbox 957 4121 1039 4196; x_wconf 68' lang='lat' dir='ltr'><strong>igitur</strong></span> <span class='ocrx_word' id='word_1_280' title='bbox 1051 4121 1263 4190; x_wconf 76' lang='lat' dir='ltr'><strong>Lacedaemonii,</strong></span> 
     </span>
     <span class='ocr_line' id='line_1_35' title="bbox 138 4205 1263 4290; baseline 0 -24"><span class='ocrx_word' id='word_1_281' title='bbox 138 4213 208 4279; x_wconf 89' lang='lat' dir='ltr'><strong>data,</strong></span> <span class='ocrx_word' id='word_1_282' title='bbox 224 4213 418 4271; x_wconf 81' lang='lat' dir='ltr'><strong>obsessoafsnte</strong></span> <span class='ocrx_word' id='word_1_283' title='bbox 434 4221 556 4290; x_wconf 74' lang='lat' dir='ltr'><strong>urgente</strong></span> <span class='ocrx_word' id='word_1_284' title='bbox 576 4209 673 4264; x_wconf 79' lang='lat' dir='ltr'><strong>Cino·</strong></span> <span class='ocrx_word' id='word_1_285' title='bbox 724 4207 769 4264; x_wconf 89' lang='lat' dir='ltr'><strong>sed</strong></span> <span class='ocrx_word' id='word_1_286' title='bbox 793 4209 885 4262; x_wconf 80' lang='lat' dir='ltr'><strong>Persae</strong></span> <span class='ocrx_word' id='word_1_287' title='bbox 911 4225 928 4262; x_wconf 94' lang='lat' dir='ltr'><strong>a</strong></span> <span class='ocrx_word' id='word_1_288' title='bbox 952 4209 1073 4263; x_wconf 82' lang='lat' dir='ltr'><strong>roeietete</strong></span> <span class='ocrx_word' id='word_1_289' title='bbox 1100 4205 1263 4266; x_wconf 81' lang='lat' dir='ltr'><strong>deiidebsnt.</strong></span> 
     </span>
     <span class='ocr_line' id='line_1_36' title="bbox 138 4290 1261 4374; baseline 0.001 -28"><span class='ocrx_word' id='word_1_290' title='bbox 138 4307 220 4352; x_wconf 76' lang='lat' dir='ltr'><strong>airum</strong></span> <span class='ocrx_word' id='word_1_291' title='bbox 237 4299 263 4355; x_wconf 71' lang='lat' dir='ltr'><strong>in</strong></span> <span class='ocrx_word' id='word_1_292' title='bbox 279 4301 423 4374; x_wconf 56' lang='lat' dir='ltr'><strong>Lysandro,</strong></span> <span class='ocrx_word' id='word_1_293' title='bbox 724 4291 853 4348; x_wconf 64' lang='lat' dir='ltr'><strong>lumbino</strong></span> <span class='ocrx_word' id='word_1_294' title='bbox 865 4311 895 4346; x_wconf 70' lang='lat' dir='ltr'><strong>el</strong></span> <span class='ocrx_word' id='word_1_295' title='bbox 912 4291 1016 4373; x_wconf 58' lang='lat' dir='ltr'><strong>villelm·</strong></span> <span class='ocrx_word' id='word_1_296' title='bbox 1028 4290 1203 4366; x_wconf 64' lang='lat' dir='ltr'><strong>inlelllssendfl</strong></span> <span class='ocrx_word' id='word_1_297' title='bbox 1214 4309 1261 4346; x_wconf 91' lang='lat' dir='ltr'><strong>so·</strong></span> 
     </span>
     <span class='ocr_line' id='line_1_37' title="bbox 173 4375 1261 4450; baseline 0.001 -17"><span class='ocrx_word' id='word_1_298' title='bbox 173 4381 217 4450; x_wconf 77' lang='lat'><strong>(²)</strong></span> <span class='ocrx_word' id='word_1_299' title='bbox 242 4379 353 4436; x_wconf 64' lang='lat' dir='ltr'><strong>&amp;asath</strong></span> <span class='ocrx_word' id='word_1_300' title='bbox 370 4401 397 4436; x_wconf 88' lang='lat' dir='ltr'><strong>se</strong></span> <span class='ocrx_word' id='word_1_301' title='bbox 410 4383 449 4436; x_wconf 51' lang='lat' dir='ltr'><strong>¹nsi</strong></span> <span class='ocrx_word' id='word_1_302' title='bbox 467 4379 672 4436; x_wconf 80' lang='lat' dir='ltr'><strong>Phernedessms.</strong></span> <span class='ocrx_word' id='word_1_303' title='bbox 723 4377 902 4449; x_wconf 48' lang='lat' dir='ltr'><strong>aasumensi</strong></span> <span class='ocrx_word' id='word_1_304' title='bbox 913 4375 1112 4433; x_wconf 75' lang='lat' dir='ltr'><strong>lacedaemonii</strong></span> <span class='ocrx_word' id='word_1_305' title='bbox 1125 4395 1188 4434; x_wconf 82' lang='lat' dir='ltr'><strong>enm</strong></span> <span class='ocrx_word' id='word_1_306' title='bbox 1203 4379 1261 4434; x_wconf 83' lang='lat' dir='ltr'><strong>De·</strong></span> 
     </span>
     <span class='ocr_line' id='line_1_38' title="bbox 139 4455 1261 4544; baseline -0.002 -22"><span class='ocrx_word' id='word_1_307' title='bbox 139 4463 201 4536; x_wconf 72' lang='lat' dir='ltr'><strong>lion</strong></span> <span class='ocrx_word' id='word_1_308' title='bbox 216 4464 398 4542; x_wconf 67' lang='lat' dir='ltr'><strong>statimppriua</strong></span> <span class='ocrx_word' id='word_1_309' title='bbox 413 4461 675 4544; x_wconf 73' lang='lat' dir='ltr'><strong>eatmrssupntt·</strong></span> <span class='ocrx_word' id='word_1_310' title='bbox 723 4455 1261 4544; x_wconf 52' lang='lat' dir='ltr'><strong>humanihuman-esopi</strong></span> 
     </span>
    </p>
   </div>
   <div class='ocr_carea' id='block_1_5' title="bbox 1346 713 1354 750">
    <p class='ocr_par' dir='ltr' id='par_1_6' title="bbox 1346 713 1354 750">
     <span class='ocr_line' id='line_1_39' title="bbox 1346 713 1354 750; baseline 0 0"><span class='ocrx_word' id='word_1_311' title='bbox 1346 713 1354 750; x_wconf 89' lang='lat' dir='ltr'><strong>i</strong></span> 
     </span>
    </p>
   </div>
   <div class='ocr_carea' id='block_1_6' title="bbox 0 0 1814 5776">
    <p class='ocr_par' dir='ltr' id='par_1_7' title="bbox 0 0 1814 5776">
     <span class='ocr_line' id='line_1_40' title="bbox 0 0 1814 5776; baseline 0 4"><span class='ocrx_word' id='word_1_312' title='bbox 0 0 1814 5776; x_wconf 95' lang='lat' dir='ltr'><strong> </strong></span> 
     </span>
    </p>
   </div>
  </div>
 </body>
</html>
