3554 5798
522 543 776 614 ‚oruruns
989 449 997 468 ·
1147 497 1247 642 ati·

123 752 225 830 iacet
241 743 366 858 atqne'
381 745 696 855 Hellespontum,
727 687 896 870 stillum
923 767 1042 833 unum
1062 779 1250 864 opposnee

1 863 3 908 l
126 885 187 948 rat
204 869 416 972 Europaeis
432 864 677 944 adversariis:
697 867 777 978 ipse
806 869 1023 976 Aegyptum
1042 899 1244 980 oppugna.

1 983 2 1024 Τ
126 1002 209 1064 tum
227 987 403 1066 adversus
428 984 684 1063 Ptolemaeum
719 1002 800 1062 erat
827 991 1032 1092 proiectus.
1060 990 1251 1074 Eumenes

126 1119 242 1207 'quum
263 1127 390 1206 neque
415 1129 566 1208 magnas
593 1103 744 1218 copias,
763 1131 890 1208 neque
916 1104 1042 1186 firmes
1067 1105 1251 1206 baberet,

128 1219 235 1329 quod
254 1221 531 1312 inexercitatae,
550 1237 588 1294 et
609 1247 685 1296 nou
714 1219 835 1298 multo
852 1238 940 1298 ante
968 1239 1078 1300 erant
1096 1240 1250 1304 contra·

128 1353 211 1415 etue
222 1365 233 1431 3
252 1335 459 1414 adventare
473 1352 598 1444 autem
625 1335 866 1430 dicerentur,
884 1337 1252 1446 Hellespontumque

130 1455 305 1565 transisse
324 1455 525 1558 Antipater
544 1469 582 1538 a
605 1453 783 1529 wCraterus
808 1481 1052 1558 magnacum
1083 1461 1254 1536 exercitu

128 1567 394 1661 Macedonum,
412 1570 482 1647 viri
499 1595 620 1672 quum
640 1567 824 1664 clasitate,
842 1579 927 1648 tum
946 1599 1019 1650 usu
1037 1571 1127 1648 belli
1144 1601 1254 1682 prae·
1306 1631 1309 1636 -

130 1703 268 1764 stantes
286 1685 529 1790 (Macedones
557 1712 646 1763 vero
666 1686 802 1766 milites
821 1713 865 1762 ea
893 1706 988 1768 tunc
1014 1689 1255 1788 erautfama‚
1295 1755 1307 1780 ,

129 1833 207 1910 qua
236 1830 339 1882 nunc
358 1806 518 1881 Romani
554 1801 754 1881 feruntur:
784 1807 925 1882 etenim
951 1833 1099 1913 semper
1131 1808 1256 1888 habiti

131 1937 217 1998 sunt
236 1919 448 2012 fortissimi,
474 1921 542 2024 qui
565 1946 743 1996 summam
764 1921 916 2028 imperii
942 1925 1162 2030 potirentur
1182 1925 1256 2028 ³);

130 2039 319 2115 Eumenes
332 2034 592 2148 intelligebat„
605 2039 634 2112 si
657 2038 789 2142 copiae
807 2063 894 2114 suae
914 2057 1154 2147 cognossent,
1179 2041 1253 2120 ad·
1320 2093 1325 2102 -

132 2180 262 2234 versus
277 2180 373 2257 quos
399 2152 659 2247 ducerentur,
685 2180 764 2230 non
789 2139 907 2234 bodo
927 2183 1006 2233 non
1023 2159 1164 2252 ituras,
1188 2159 1257 2238 sed

132 2271 245 2370 simul
271 2297 357 2348 cum
383 2273 516 2350 nuntio
546 2269 770 2378 dilapsuras.
807 2271 945 2376 Itaque
975 2273 1049 2351 boc
1073 2275 1155 2352 eins
1180 2274 1279 2356 fuit.

132 2387 468 2498 prudentissimum
485 2389 698 2483 consilium,
710 2407 754 2468 ut
770 2387 887 2471 deviis
900 2391 1102 2470 itineribus
1118 2389 1259 2473 milites

132 2509 302 2604 duceret,
312 2506 501 2614 inquibus
512 2535 601 2588 vers
609 2505 741 2584 audire
753 2531 833 2584 uon
850 2523 1018 2614 possent,
1036 2522 1077 2585 et
1093 2505 1154 2584 bis
1170 2535 1261 2617 per-

133 2626 323 2720 suaderet,
340 2652 380 2703 se
393 2643 527 2705 contra
546 2625 726 2733 quosdam
738 2623 923 2702 barbaros
939 2627 956 2676 ⁴
972 2621 1176 2731 proficisci.
1188 2627 1259 2704 Ita·
1291 2673 1293 2678 ·

74 2775 79 2783 ·
135 2769 212 2848 que
229 2741 352 2821 tenuit
369 2742 444 2820 hoc
461 2744 712 2850 propositum,
731 2744 747 2796 ⁵
764 2758 805 2818 et
820 2741 928 2848 prius
944 2742 985 2816 in
1004 2739 1122 2818 aciem
1138 2765 1256 2822 exer·

134 2975 225 3041 t'rstri,
250 2973 296 3049 qui
316 2983 403 3046 postea
421 2973 559 3046 l'bilippus
585 2973 670 3028 dictata
719 2971 761 3026 uis
779 2971 860 3026 utitur
873 2969 906 3026 ad
923 2971 1078 3026 moriam
1094 2971 1199 3028 herous
1210 2989 1257 3027 re-

134 3067 182 3114 est.
199 3057 525 3114 nrm-stemus.
547 3057 614 3131 Lagi
631 3055 667 3108 fr·
720 3056 879 3112 noandum.
903 3057 1012 3110 haus.
1038 3085 1071 3100 -
1096 3053 1179 3112 diuasl
1199 3075 1260 3114 suas

136 3143 219 3210 lium,
239 3142 288 3216 qui
304 3161 335 3197 ex
356 3139 477 3214 gregario
498 3139 584 3196 nuilite
600 3141 671 3194 inter
718 3143 815 3194 mutio.
840 3139 936 3196 Statim
957 3156 987 3194 ee
1009 3140 1158 3195 nuntiatum
1175 3151 1261 3215 ως

136 3227 213 3280 duces
233 3235 260 3280 et
275 3242 432 3281 successores
446 3221 586 3280 Alexandri
597 3221 672 3278 babi-
720 3242 774 3278 non
788 3224 874 3278 nuntii
886 3223 1038 3279 societatem
1054 3221 1161 3280 indicat.

137 3319 239 3376 tuaest,
252 3317 327 3380 atque
340 3307 387 3362 ilio
403 3315 509 3362 mortuo
520 3307 670 3380 Aegyptum
754 3309 799 3378 (4)
814 3307 908 3364 comm
920 3309 1044 3380 quadam
1056 3306 1260 3365 tartumulo·

135 3393 309 3465 occupauitrl
322 3407 375 3463 quo
386 3398 473 3461 postea
483 3406 574 3442 omnes
585 3389 672 3461 Aegy·
724 3392 827 3448 tar-rbus
850 3392 883 3444 de
907 3389 1085 3448 Garrulitates
1106 3393 1262 3448 allumeues

137 3480 174 3547 pti
188 3495 259 3550 reges
275 3476 416 3530 Ptolemaei
430 3475 492 3529 dicti
507 3473 670 3528 suntcooar.
722 3493 805 3548 quum
828 3474 968 3530 audivisset
984 3475 1120 3530 Craterum
1138 3474 1261 3530 dam

171 3563 216 3630 (3)
233 3561 285 3633 Qui
303 3579 425 3614 mnam
441 3560 541 3631 inperii
556 3559 669 3629 potitam
720 3577 749 3614 se
765 3579 826 3614 caru
842 3559 1261 3632 mptuveutremeutntsmtm-
1287 3614 1290 3620 ,
1322 3593 1335 3624 .

137 3655 186 3699 tau.
203 3646 223 3698 Ι.
239 3663 276 3711 e.,
292 3646 339 3718 qui
351 3643 442 3699 cebris
458 3643 670 3714 impermotus
721 3661 783 3698 rum
797 3644 979 3716 recaeperitis,
994 3642 1041 3696 sed
1054 3641 1260 3713 Neoptolemum

137 3728 393 3801 Ciqulll’bilippe
408 3721 671 3788 sermusculum,
721 3746 778 3784 essa
794 3729 879 3784 linxit
902 3730 979 3783 Hane
991 3729 1064 3782 uim
1084 3724 1183 3782 milites
1199 3728 1259 3782 Eu·

138 3832 281 3889 paoeruque
290 3816 419 3887 potiantur
429 3833 451 3868 s.
476 3811 672 3886 Genitigitur.
721 3813 809 3870 menis
823 3811 1044 3880 wuteuuehnlt
1066 3811 1140 3868 illius
1153 3821 1181 3868 et
1197 3811 1259 3884 glo·

138 3899 252 3956 ablativo
268 3907 296 3954 et
308 3897 453 3953 aceusntiuo
465 3896 584 3952 iunctum
596 3894 673 3964 potiri
723 3898 790 3950 riam
803 3895 1015 3961 admirabantur,
1030 3902 1058 3950 et
1074 3895 1200 3952 victuum
1212 3893 1260 3948 sli-

140 3983 208 4056 apud
221 3993 340 4058 nostrum
353 3983 491 4056 reperitur.
500 4011 535 4026 -
547 3981 673 4034 Eumenes
724 3983 922 4054 ligebantdleru
935 3983 1026 4054 ipsam,
1039 3991 1146 4054 eseepm
1157 3981 1260 4038 Baua*

8 4063 10 4068 ’
139 4063 675 4143 ῖηῑιὶὶἒςιόαι.Επανὰὶυψις,μορῑιιΙοηε
724 4086 779 4132 ne,
802 4076 877 4122 norat
900 4081 980 4122 nemo
993 4087 1018 4122 s.
1033 4065 1101 4122 Vide
1120 4061 1158 4120 lbi
1174 4063 1261 4137 pluras

141 4167 200 4222 pam
217 4153 441 4226 interpositionem
456 4153 525 4210 iuter
541 4169 594 4217 ea,
608 4165 675 4222 qnae
724 4155 825 4210 Bosara

142 4233 228 4290 multo
242 4246 303 4292 ante
320 4239 386 4300 dleta
400 4245 469 4292 sunt.
489 4235 586 4290 Pendet
601 4235 675 4289 euim
758 4241 801 4310 (ὅ)
826 4235 917 4311 Itaque
931 4239 1009 4293 terme
1028 4237 1076 4294 lm
1099 4239 1260 4312 peperimus

142 4319 270 4374 sententis
285 4320 318 4376 ab
329 4319 376 4376 illo
389 4319 457 4389 loeo,
469 4321 592 4378 Eunones
601 4339 676 4394 qum
725 4321 848 4378 Solemus
983 4331 1023 4378 ast
1039 4323 1074 4377 ita
1097 4319 1171 4396 loqui
1189 4321 1261 4376 css·

142 4411 292 4474 mqsmta
310 4402 674 4478 tbumumusuusuomt·
726 4403 921 4477 astarten.
952 4407 1262 4489 'wlssssml'sslflt
