3660 5740
694 577 914 644 anserinus
1306 577 1364 686 91

253 777 359 888 quod
385 777 540 889 quidem
566 803 636 859 nos
653 778 906 874 audierimus,
932 782 1156 885 cognomine
1173 777 1299 862 iustus
1320 783 1370 863 sit

250 895 518 1004 appellatus;⁶
550 913 699 990 tamen,
732 927 754 972 a
784 895 1067 975 Themistocle⁷
1099 897 1370 978 collabefactus

252 1015 388 1094 testula
407 1015 483 1105 illa,
504 1013 633 1092 exsilio
653 1013 786 1091 decem
804 1041 992 1093 annorum
1008 1015 1188 1094 multatus
1207 1035 1275 1094 est.
1293 1019 1367 1114 Qui

251 1137 405 1236 quidem
427 1159 541 1234 quum
558 1127 785 1233 intelligeret
799 1185 809 1222 ,
823 1132 976 1236 reprimi
995 1135 1217 1209 concitatam
1237 1137 1253 1186 θ
1273 1135 1370 1208 mul-

251 1249 452 1326 titudinem
467 1273 545 1322 nou
556 1271 675 1350 posse,
689 1247 905 1350 cedensque
919 1247 1237 1324 animadverteret
1251 1275 1371 1352 queu-

249 1366 336 1443 darn
354 1365 593 1454 scribentem,
611 1377 654 1438 ut
672 1367 790 1467 patria
808 1359 1032 1468 pelleretur;
1051 1370 1239 1468 quaesisse
1257 1367 1304 1442 ab
1323 1393 1369 1448 eo

250 1483 405 1576 dicitur,
424 1509 544 1586 quare
554 1479 593 1555 id
604 1479 759 1573 laceret,
780 1495 844 1558 aut
863 1482 955 1582 quid
968 1483 1149 1560 Aristides
1166 1487 1370 1563 commisis-

251 1617 319 1690 set,
339 1625 408 1676 cur
429 1613 531 1672 tanta
552 1624 675 1702 poena
695 1595 832 1701 dignus
850 1596 1088 1674 duceretur?
1116 1598 1186 1676 Cui
1205 1599 1270 1677 illc
1285 1627 1366 1678 res·

250 1715 401 1822 pondit,
418 1742 457 1792 se
475 1717 652 1818 ignorare
670 1717 686 1766 ⁹
704 1713 905 1790 Aristidem
915 1741 925 1808 ;
941 1715 1008 1791 sed
1024 1715 1094 1792 sibi
1109 1741 1188 1792 uon
1208 1714 1371 1822 placere,

251 1835 353 1934 quod
381 1851 454 1910 tam
482 1833 620 1937 cupide
638 1819 879 1922 elaborasset,
898 1849 941 1908 ut
954 1851 1107 1938 praeter
1124 1851 1292 1913 caeteros
1304 1837 1369 1911 lu·

250 1969 329 2030 stus
357 1949 626 2056 appellaretur.
653 1951 723 2024 Hic
750 1949 879 2026 decem
909 1978 1095 2029 annorum
1116 1950 1369 2056 legitimam¹⁰

249 2097 413 2178 poenam
432 2098 511 2146 nou
526 2067 702 2176 pertulit:
719 2095 803 2144 uam
823 2083 1027 2173 postquam
1038 2072 1185 2148 Xerxes
1197 2075 1237 2147 in
1250 2074 1369 2148 Grae·

289 2333 331 2399 (6)
343 2329 422 2383 Imeus
433 2335 465 2384 ss't
478 2332 628 2400 appellatus.
641 2318 703 2383 th'.
715 2329 787 2383 Cice·

255 2425 347 2462 rouern
364 2425 412 2479 pro
425 2408 512 2463 Sestio
525 2429 548 2462 e.
566 2417 609 2476 67,
630 2417 655 2464 at
665 2411 742 2463 Tuae.
754 2409 786 2474 V,

212 2480 221 2505 '
256 2493 299 2542 36.-
320 2491 450 2544 sAristid.
468 2499 556 2546 nou·
568 2491 602 2544 ob
616 2507 673 2544 esur
687 2507 788 2542 causatu

254 2571 373 2643 espulssu
391 2583 428 2628 est
437 2575 526 2643 patria,
536 2573 605 2645 quod
620 2581 721 2646 praeter
730 2591 788 2626 mo·

255 2653 318 2710 dum
331 2659 413 2709 iustus
431 2661 511 2710 esset?
523 2655 597 2711 Adde
611 2657 679 2712 Piut.
691 2659 718 2710 in
733 2655 789 2710 eius

256 2741 317 2805 vita,
331 2741 430 2794 Herod.
446 2739 517 2805 t'ttt,
527 2743 569 2808 795
587 2739 662 2792 Diod.
678 2739 724 2800 ΙΙΙ,
738 2745 787 2806 ⁴⁷t

254 2823 375 2877 Aescbim
387 2822 504 2878 adsersus
518 2825 633 2895 Ctesiph.
647 2823 703 2878 vat.
717 2823 786 2878 Mos.

255 2907 291 2970 V,
309 2913 333 2972 d,
350 2917 402 2960 ext.
416 2915 441 2971 ἃς
463 2908 610 2960 anticlides
626 2910 716 2973 stiunt,
733 2925 788 2979 quo

253 2990 462 3044 totiusGraeciae
477 2991 574 3044 iustitia
587 3001 716 3057 censetur,
725 3009 789 3044 con·

212 3104 218 3120 .
254 3072 377 3126 tinentiae
394 3091 497 3145 quoque
511 3074 637 3128 eximium
646 3074 787 3142 specimen,

249 3157 332 3226 patria
345 3157 468 3210 excedere
477 3157 557 3210 iussus
570 3167 616 3211 est.
628 3177 639 3208 s
654 3155 786 3222 aFeliers,

251 3239 333 3302 addit,
352 3239 478 3306 Athenas,
494 3259 558 3311 quae
573 3251 629 3312 post
644 3239 715 3294 illius
732 3243 786 3293 esi-

252 3321 318 3376 liurn
329 3325 449 3377 iuvenire
462 3324 578 3396 aliquem
591 3336 634 3380 aut
648 3327 732 3378 sirum
743 3327 787 3379 bu·

252 3427 328 3472 num,
345 3420 388 3463 aut
400 3421 532 3464 amantem
550 3413 589 3464 sui
602 3411 687 3464 civem
699 3423 786 3484 potue·

252 3495 402 3548 senticum
426 3513 478 3566 quo
503 3505 565 3550 tuuc
589 3496 641 3567 ipsa
666 3499 786 3552 sauctitas

252 3579 405 3650 migravits

286 3711 328 3778 (7)
340 3711 367 3763 A
380 3707 558 3777 Themistocle,
571 3725 627 3782 etue
639 3713 685 3786 qrsi
695 3713 721 3768 in
732 3711 787 3768 uul-

254 3811 299 3862 gus
315 3807 448 3866 sparserat,
466 3795 615 3862 Aristidem,
628 3795 735 3852 sublatis
749 3799 786 3852 iu·

254 3876 336 3943 diciis,
355 3879 424 4016 qupp
441 3883 528 3933 omniu
548 3879 672 3935 iudicaret
697 3893 722 3938 et
742 3881 782 3936 sli-

253 3973 385 4034 scorpiaces,
416 3966 560 4018 ominatum
577 3967 603 4020 io
616 3969 686 4021 cises
697 3967 786 4022 volun·

254 4047 348 4101 tarium
365 4049 432 4104 elarn
448 4051 497 4106 sibi
511 4071 620 4124 parasse.
638 4053 703 4108 t’tus.
722 4053 784 4108 cet·

253 4129 401 4203 iairjirctur.
418 4135 574 4190 imminutus
591 4155 620 4190 re
633 4135 786 4192 debilitatus.

255 4215 398 4270 —Teatuia
414 4220 546 4290 iila.1.ege
564 4221 617 4275 scil.
634 4221 787 4289 ostracisnri,

256 4307 284 4354 ut
296 4299 371 4369 paulo
387 4321 461 4373 supra
479 4303 506 4358 in
516 4305 691 4362 Themistocle
716 4309 788 4364 vtti-

290 4417 331 4493 (t>
348 4415 513 4478 coreitarum.
528 4421 712 4480 Themistoclis
733 4424 784 4482 cri·

837 2327 1031 2384 minationibus.
1049 2331 1124 2386 Abiit
1139 2339 1269 2402 precatura
1289 2333 1374 2400 deos,

837 2431 871 2470 ne
883 2433 910 2469 se
925 2417 1010 2486 ipsum
1021 2431 1137 2486 unquam
1151 2415 1231 2488 patria
1243 2417 1373 2472 desidera·

838 2511 887 2556 retr
903 2499 1028 2555 Camillus
1044 2512 1131 2555 contra
1145 2513 1261 2570 precatus
1272 2503 1305 2556 ab
1321 2503 1373 2557 diis

837 2585 1035 2651 immortalibus,
1052 2588 1073 2638 si
1088 2585 1196 2639 innoxio
1208 2587 1257 2642 sibi
1279 2604 1308 2640 ea
1326 2587 1372 2640 in-

838 2669 903 2722 iuria
921 2672 1003 2732 iisset,
1026 2671 1109 2738 prime
1129 2687 1234 2745 qrpque
1256 2681 1373 2741 tempore

840 2753 996 2807 desiderium
1014 2755 1053 2808 sai
1070 2755 1169 2810 civitati
1192 2758 1307 2825 ingratae
1330 2759 1369 2810 ls-

839 2847 917 2892 ceret.
931 2841 965 2893 Τ.
974 2837 1034 2892 Lis.
1046 2840 1082 2903 V,
1093 2838 1290 2893 sn-cedms
1299 2841 1374 2894 Prae·

838 2920 902 2972 beas
913 2939 940 2972 se
958 2923 1150 2975 necessitati-
1164 2919 1333 2978 deridentem
1342 2925 1373 2976 lu

839 3003 930 3057 testula
943 3005 1029 3075 quivis
1044 3004 1212 3069 nomeueius,
1224 3023 1301 3076 quern
1314 3023 1376 3058 esu·
1403 3053 1405 3058 .

837 3085 890 3138 lare
906 3086 1003 3152 vellet,
1028 3087 1193 3142 inscribebat.
1221 3089 1372 3144 Plutarchus

838 3169 864 3222 in
889 3169 972 3224 Arist.
996 3174 1048 3224 sits
1071 3179 1097 3224 et
1122 3173 1148 3226 in
1174 3171 1373 3246 apophthegm„

836 3253 990 3326 Suidasqur,
1004 3258 1129 3309 rusticum
1144 3255 1222 3310 fuisse
1238 3257 1327 3324 siunts
1345 3275 1373 3311 ae

837 3337 955 3390 testularrr
975 3338 1101 3404 Aristidi,
1123 3349 1152 3393 ut
1168 3343 1215 3394 unt
1230 3340 1263 3394 de
1280 3340 1372 3410 plebe,

837 3421 980 3488 tradidisse,
994 3431 1020 3476 et
1033 3441 1134 3494 rogasse
1152 3431 1181 3477 ut
1191 3425 1310 3479 Aristidis
1323 3443 1372 3478 no·

837 3523 898 3558 rnen
916 3505 1076 3576 inscriberet3
1096 3509 1174 3579 idque
1189 3507 1373 3563 benefecisse.

870 3639 912 3705 (9)
930 3639 1060 3708 Igrrorure.
1073 3637 1113 3692 Ad
1133 3638 1254 3694 homiues
1267 3657 1372 3713 quoque

838 3719 958 3774 refertur.
985 3723 1020 3775 At
1044 3719 1077 3774 dc
1104 3721 1224 3777 Aristidis
1249 3725 1358 3780 nornine

837 3801 908 3876 quod
926 3823 1016 3858 ornnes
1041 3823 1101 3858 sane
1122 3807 1261 3861 noscebant
1283 3809 1372 3874 cives,

838 3890 925 3942 minus
941 3891 1014 3943 bene:
1032 3889 1126 3944 rectius
1144 3891 1177 3944 de
1188 3893 1252 3946 lacis
1270 3892 1371 3946 intelli-

838 3977 916 4044 gitur.
936 3973 995 4024 Vim
1022 3973 1092 4026 verbi
1118 3975 1241 4045 expressit
1269 3975 1373 4028 Curtius
1444 3964 1452 3974 ¹

839 4057 886 4122 ΙΙΙ,
900 4063 943 4120 31,
960 4055 992 4108 de
1010 4055 1373 4130 Sysigsmbis'lgnorrrts'onms

838 4161 960 4214 armaquam
972 4155 1046 4196 enters
1062 4149 1114 4198 visi
1126 4145 1195 4216 regis
1211 4163 1336 4199 erroneus.

874 4261 935 4327 (so)
952 4259 1112 4330 Legitimam.
1137 4259 1205 4330 iege
1230 4261 1375 4320 ostratistni

839 4342 981 4398 definitam.
