3574 5808
405 545 525 638 'cru
561 567 817 642 rcrrsnouo
851 557 1126 662 courenrrro
1251 545 1343 654 44¹

240 777 287 832 der
304 785 361 850 post
377 773 548 832 lautissimum
566 773 705 846 prandium
721 777 848 852 petiisset,
864 775 926 849 quid
943 776 970 830 ia
988 770 1034 826 tali
1050 769 1170 826 concivio
1185 773 1270 841 posset
1282 763 1355 822 desi-

237 859 332 917 derari:
349 860 533 913 Delicatissima
548 877 595 926 res,
612 857 699 930 inquit
719 860 893 926 Aumarchus,
910 857 1077 914 Nicocreonte
1090 851 1253 924 intelligens,
1269 863 1356 920 nempe

236 955 353 1013 nospes
366 943 494 996 meadum
506 955 591 1014 capra.
603 941 736 1010 Ceterum,
748 941 818 1016 quod
827 961 882 998 non
893 937 1022 996 intellexit
1037 934 1199 998 Plutarchus,
1212 931 1356 986 Nicocreon

237 1025 337 1094 optime
351 1021 520 1091 intellexerat,
533 1041 629 1096 magno
643 1023 784 1078 Anaxarchi
797 1023 874 1094 malo,
886 1039 964 1096 quem
977 1037 1059 1092 quum
1071 1017 1099 1072 in
1114 1019 1231 1090 Cyprum
1244 1008 1355 1068 imolare

238 1114 375 1176 tempestas
388 1103 534 1172 detulisset,
546 1114 649 1176 captum
662 1105 770 1161 interlici
785 1107 857 1164 iussit
870 1123 965 1160 rumor
982 1105 1021 1156 ira
1032 1102 1144 1173 tyrarmi.

271 1226 358 1293 Quum
372 1243 431 1297 ergo
448 1231 487 1279 tot
499 1236 621 1298 tantaque
637 1227 690 1280 sint
704 1237 730 1282 et
744 1229 772 1281 in
790 1229 883 1283 verbis·
891 1237 917 1281 et
931 1228 958 1280 in
977 1221 1119 1288 sententiis,
1134 1235 1202 1291 quae
1218 1213 1355 1270 Plutarcho

237 1307 302 1360 vitio
317 1316 418 1360 vertere
432 1307 489 1360 iure
506 1309 597 1378 possis,
612 1326 660 1362 cur
672 1309 779 1363 tandem
800 1309 845 1362 ille
861 1310 974 1362 Graecos
990 1307 1059 1360 inter
1074 1303 1208 1356 historicos
1224 1315 1284 1352 curn
1298 1299 1353 1350 lle·

237 1386 339 1452 rodoto,
353 1387 518 1461 Thucydide,
531 1390 706 1462 Xenophonte
722 1389 820 1462 primas
838 1391 928 1444 tenet?
946 1393 998 1443 Cur
1011 1388 1043 1441 ab
1059 1385 1180 1442 omnibm
1196 1381 1279 1434 doctis
1293 1377 1356 1432 viris

238 1469 302 1522 tauti
318 1469 360 1534 fir,
377 1479 406 1524 ut
420 1469 528 1542 quidam
544 1475 728 1544 interrogatus,
745 1490 825 1544 quem
842 1491 974 1546 superesse
988 1469 1094 1533 mallet,
1111 1469 1149 1531 si,
1166 1482 1219 1518 uno
1238 1469 1357 1532 excepto,

239 1569 329 1604 omnes
345 1552 444 1623 antiqui
460 1553 597 1621 scriptores
620 1553 783 1608 desiderandi
806 1554 901 1618 dorent,
926 1551 1093 1607 Plutarchum
1108 1543 1288 1619 responderit?
1305 1543 1358 1594 Cur

241 1633 269 1688 iu
282 1632 329 1690 illo
346 1633 455 1705 legendo
471 1633 584 1691 iuniores
597 1635 674 1688 simul
692 1646 718 1689 et
732 1654 822 1698 senes,
838 1633 910 1709 quod
932 1633 1065 1706 perpaucis
1081 1629 1221 1684 admodum
1239 1623 1358 1694 contigit,

240 1725 372 1787 tantopere
390 1715 573 1770 delectantur?
590 1717 643 1770 Cur
656 1717 773 1772 Boeotiae
785 1715 901 1790 oppiduli
915 1714 1010 1779 incola,
1027 1712 1072 1768 diu
1089 1721 1145 1782 post
1161 1707 1283 1764 Graeciae
1298 1704 1358 1776 glo-

242 1797 308 1850 riam
325 1807 409 1860 natus,
428 1797 632 1852 Atheniensibus
646 1798 697 1852 illis
711 1809 737 1852 et
751 1799 871 1852 Pericleis
887 1817 933 1870 par
946 1799 972 1850 in
987 1793 1141 1868 quibusdam
1155 1790 1278 1865 partibus,
1291 1787 1359 1838 fama

240 1880 355 1950 superior
369 1879 468 1932 evasit?
483 1879 591 1934 Duobus
604 1881 767 1951 potissimum
784 1881 864 1935 causis
881 1879 908 1934 id
922 1878 1090 1934 tribuendum
1107 1874 1226 1930 arbitror.
1240 1872 1358 1948 Primum

240 1963 313 2015 enirn
331 1959 419 2014 nullus
431 1960 539 2015 fortasse
557 1960 693 2016 Plutarcho
706 1967 791 2017 maior
808 1964 836 2016 in
849 1961 1019 2016 describendo
1035 1961 1095 2026 luit3
1106 1959 1151 2032 qui
1163 1969 1215 2011 tam
1228 1951 1360 2025 graphice»

243 2052 270 2096 nt
288 2042 371 2106 aiunt,
384 2059 441 2095 reru
458 2042 586 2113 depingit,
598 2053 628 2098 ut
645 2061 697 2098 non
711 2044 795 2098 solum
812 2054 941 2099 narratam
961 2042 1062 2106 audire,
1078 2041 1122 2095 sed
1142 2043 1196 2111 ipse
1210 2035 1296 2089 adesse
1307 2049 1361 2086 cre·

224 2120 353 2190 ‚dideris3
369 2131 489 2194 tantaque
501 2136 555 2176 arte
569 2126 657 2180 omnia
671 2123 796 2197 disponit,
808 2137 840 2182 ut
851 2125 894 2180 vis
914 2124 1011 2179 librurn
1025 2121 1147 2178 evolvere
1158 2117 1278 2190 coeperit,
1291 2113 1360 2168 llll·

242 2204 281 2258 dis
294 2205 427 2260 effectibus
438 2217 464 2260 et
476 2211 638 2280 praepotenti
654 2209 755 2282 impetu
770 2220 863 2283 raptus,
881 2208 940 2262 huic
957 2205 1114 2281 perlegendo
1127 2203 1272 2260 adhaereas.
1288 2193 1362 2252 velut

242 2289 270 2341 in
290 2287 342 2342 illis
354 2287 446 2341 accidit
456 2293 641 2344 commentitiis
654 2292 851 2355 narrationibus,
866 2293 893 2344 in
907 2289 1001 2360 quibos
1014 2289 1109 2344 auctori
1121 2284 1254 2359 quaelibet
1265 2283 1363 2349 lingere

243 2367 319 2422 datur
331 2377 358 2422 et
371 2388 418 2423 suo
435 2369 542 2424 arbitrio
557 2389 600 2426 res
611 2372 740 2426 ordinare.
758 2375 828 2440 Quid
845 2382 929 2426 autem
942 2373 970 2424 in
984 2372 1025 2425 lais
1040 2369 1130 2424 tabulis
1144 2359 1361 2438 magnificentius,

242 2449 304 2522 quid
321 2450 472 2514 formosius,
487 2469 565 2521 qoam
579 2471 661 2524 qourn
674 2452 820 2524 Cleopatra,
837 2454 892 2506 imo
906 2453 1036 2504 Venerem
1049 2453 1131 2522 ipsam
1144 2445 1263 2507 direrlln,
1276 2440 1361 2511 prim

243 2530 456 2585 viceAntonium
474 2531 636 2603 aggreditur?
656 2533 725 2602 Quid
739 2531 940 2597 lamentabilius,
962 2550 1038 2602 quam
1058 2529 1147 2583 Niciae
1168 2535 1195 2579 et
1218 2519 1360 2576 Athenien·

242 2615 310 2666 sium
331 2611 358 2666 ia
377 2611 481 2680 Sicilia,
498 2615 582 2668 Crassi
596 2622 623 2667 et
643 2616 817 2668 Romanorum
835 2616 864 2667 iu
884 2613 1022 2670 Parthiene
1042 2609 1149 2666 clades?
1164 2605 1234 2675 Quid
1258 2605 1286 2657 in
1302 2601 1360 2673 ipso
1478 2669 1481 2678 Ι

242 2695 357 2748 llomero
372 2691 577 2770 τραγικώτερον,
592 2713 670 2767 quarn
695 2694 762 2748 illud
784 2693 933 2749 Corneliam
953 2696 1023 2748 inter
1041 2703 1069 2748 et
1082 2689 1236 2762 Pompeium
1250 2683 1358 2754 longum

241 2793 444 2848 supremumque
467 2773 545 2830 vale?
568 2793 647 2848 quarn
672 2777 853 2830 Demosthenis
879 2787 906 2830 et
931 2774 1027 2841 Tullii,
1051 2773 1135 2832 Porcii
1158 2779 1185 2824 et
1206 2763 1359 2826 Phocionis»

241 2857 374 2921 Eumenis,
386 2855 504 2920 Sertorii,
519 2857 735 2923 Gracchorum,P
757 2861 762 2872 '
791 2859 924 2932 poemenis
936 2867 963 2912 et
976 2867 1014 2910 tot
1026 2855 1165 2911 illustrium
1177 2851 1292 2906 virorum
1305 2861 1362 2897 cae·

241 2937 309 2992 des?
327 2937 467 3010 Plerosque
484 2941 555 2992 enim
572 2952 677 2995 cruenta
695 2961 721 2995 nr
792 2942 925 3012 ntercepit,
948 2942 1022 3011 quasi
1035 2940 1068 2992 sit
1084 2957 1099 2990 a
1116 2945 1207 2989 natura
1223 2943 1359 3000 compara·

242 3029 308 3086 tuns,
326 3030 355 3073 ut
369 3022 432 3074 viris
449 3019 510 3084 illia,
532 3023 578 3096 qui
595 3025 683 3078 omnia
703 3026 802 3078 circum
819 3043 846 3077 se
868 3032 975 3077 movent
985 3061 996 3087 ,
1022 3021 1109 3074 omnia
1133 3032 1237 3090 quoque
1253 3007 1361 3064 insontia

243 3104 340 3157 animis
357 3103 491 3172 obsistant,
504 3114 529 3158 et
543 3104 625 3178 gloria
638 3108 701 3178 ipsa,
716 3106 757 3160 cui
771 3115 841 3160 tanta
854 3103 993 3178 cupiditate
1014 3105 1124 3166 inhiant,
1137 3097 1209 3172 qrrasi
1223 3092 1363 3147 Horatiana

242 3185 289 3240 illa
303 3186 454 3252 Necessitas,
470 3207 545 3242 maren
558 3202 637 3260 gestet
653 3189 736 3244 aheno
751 3199 864 3256 catenas,
882 3199 910 3244 et
922 3188 1007 3256 exilia,
1023 3196 1048 3240 ct
1059 3203 1143 3246 enses,
1155 3191 1182 3236 et
1197 3194 1296 3233 venena

277 3315 312 3367 At
324 3331 378 3368 non
390 3315 525 3386 egregium
538 3312 618 3366 modo
629 3323 788 3370 narratorem
800 3333 888 3368 rerum
902 3314 929 3370 in
942 3313 1079 3368 Plutarcho
1090 3309 1216 3378 invenias3
1227 3303 1273 3359 sed
1284 3299 1364 3356 ellam
1386 3339 1393 3351 ·

243 3413 308 3466 quae
321 3395 425 3466 quidem
438 3395 479 3451 illi
494 3397 630 3468 praecipua
640 3395 694 3452 laus
708 3405 756 3464 eet,
767 3415 875 3456 ntorum
888 3395 1066 3452 felicissimum
1078 3393 1266 3464 indagatorem,
1280 3403 1363 3440 enon·

244 3481 414 3549 tiatoremque
430 3479 630 3550 peritissimum.
644 3481 751 3551 Optime
765 3481 836 3536 enim
859 3479 1034 3548 intellesedt,
1045 3477 1110 3550 qaid
1124 3472 1251 3548 propositi
1267 3469 1362 3522 habet·

246 3557 382 3624 debeatis,
398 3559 443 3632 qui
460 3559 526 3612 vitas
542 3559 671 3613 clarorum
685 3563 804 3616 virorum
820 3563 961 3632 scriptume
978 3567 1026 3626 eet3
1042 3575 1136 3627 nempe
1149 3555 1219 3608 viros
1239 3547 1362 3621 pmbffl

243 3637 328 3693 veluti
344 3645 409 3694 irrtrss
425 3653 450 3693 et
468 3643 496 3694 in
515 3655 569 3696 arte
584 3643 749 3712 conspicuos,
768 3661 816 3698 uec
844 3641 947 3717 publica
969 3653 1069 3696 tantuna
1090 3639 1169 3699 sacta,
1187 3632 1231 3687 sed
1248 3628 1363 3700 privato!

244 3738 348 3794 quoque
362 3741 457 3790 mores,
475 3722 574 3792 priosta
595 3722 664 3775 dicta
685 3721 713 3774 in
730 3726 931 3777 commentarios
945 3723 1049 3776 referre.
1068 3719 1168 3783 allam,
1184 3711 1285 3782 etipse
1302 3723 1358 3760 me·

243 3811 336 3866 morat,
358 3803 387 3858 iu
407 3796 537 3876 plerisque
553 3803 647 3856 borum
665 3801 782 3858 virorum
800 3803 910 3877 publicis
925 3803 1097 3866 facinoribus,
1113 3800 1230 3854 fortunae
1248 3791 1362 3844 metim

245 3901 303 3954 pars
316 3884 453 3940 tribuenda
466 3897 514 3956 est3
529 3885 550 3940 si
564 3885 627 3958 quid
641 3905 703 3940 vero
720 3887 945 3965 priraQ'lecerint,
955 3885 976 3938 si
987 3903 1036 3956 qua
1048 3883 1128 3938 rerba
1140 3877 1261 3940 dixerint,
1270 3875 1297 3928 in
1311 3871 1361 3936 hit,

244 3965 325 4020 veluti
339 3966 366 4020 in
378 3967 490 4038 quodam
502 3965 616 4040 speculo,
633 3967 799 4039 cogitationes
814 3966 881 4038 ipsas
897 3977 924 4020 et
946 3967 1067 4020 intimam
1084 3971 1200 4016 mentem
1214 3954 1359 4028 deprehen·

244 4045 306 4100 dere
320 4058 383 4104 est.r
401 4053 473 4122 Quae
487 4050 593 4124 quidem
607 4049 719 4124 apertius
731 4061 757 4104 et
773 4050 855 4104 sosius
868 4047 930 4103 olibi
946 4048 1064 4121 explicat:
1086 4047 1161 4104 allon
1175 4057 1243 4118 ego,¹
1262 4037 1358 4112 inquil,

243 4125 362 4186 historias
381 4131 466 4187 scribo
475 4174 483 4200 ,
507 4131 551 4188 sed
575 4133 657 4200 vitasr
674 4151 723 4188 nec
738 4149 799 4186 sane
815 4131 994 4188 illustrissimis
1009 4129 1160 4198 iecinoribus
1179 4145 1281 4199 semper
1295 4126 1362 4179 inest

245 4209 362 4268 absoluta
374 4216 466 4270 virtuti
478 4227 521 4288 aut
537 4217 658 4273 vitiorum
676 4213 867 4285 manifestatio,
887 4223 913 4268 at
929 4213 1030 4286 saepius
1047 4213 1103 4269 leae
1120 4209 1249 4287 quoddam
1266 4209 1363 4262 lactum
1454 4271 1456 4274 .

245 4303 288 4348 aut
306 4292 416 4362 dictum.
434 4296 478 4354 vel
488 4292 598 4372 ‘puerilis
613 4297 693 4366 lusus,
717 4315 803 4354 mores
822 4295 905 4370 magis
923 4305 1011 4370 aperte
1023 4293 1144 4363 declarat,
1159 4311 1239 4368 quam
1254 4297 1361 4348 musula
