3398 5640
408 462 417 481 ·
458 422 527 527 42
888 432 1152 501 srsrrsrems

455 648 553 726 dono
577 643 739 751 lepidum
763 666 895 722 reserem
916 645 1103 721 libellum?
1127 642 1199 720 nte
1223 641 1265 719 in
1292 640 1391 721 urbe
1417 642 1574 727 Cicero-

456 767 516 842 nis
541 780 579 841 et
604 764 768 841 Caesaris
792 777 965 868 tempore
988 763 1093 853 vixit,
1119 763 1371 869 pervenitque
1387 766 1575 870 usquead

453 883 611 987 Augusti
638 882 905 986 principatum.
930 877 1084 986 Scripsit
1104 879 1343 959 disertissime
1362 884 1573 960 lumniam

454 1000 612 1076 virorum
629 998 730 1074 utne.
744 999 915 1092 Quarum
928 1010 1073 1071 tuntum
1091 1000 1288 1099 Pomponii
1304 999 1419 1075 Attici
1439 1010 1573 1097 exstat,

454 1142 551 1219 quae
577 1132 810 1191 caeterarum
838 1111 950 1189 facile
975 1116 1164 1217 specimen
1186 1126 1312 1218 potest
1338 1117 1503 1193 iudicari.

761 1408 827 1487 st.
853 1404 963 1481 Ant.
991 1400 1237 1497 miturvs,
1360 1366 1364 1373 ’

735 1639 803 1690 LiB.
832 1638 888 1689 vlt
912 1632 997 1689 VAR.
1024 1636 1124 1689 uter.
1152 1636 1227 1687 CAP.
1253 1638 1278 1688 1.

502 1818 729 1924 Pereiegnns
748 1833 865 1898 exstat
884 1815 1030 1897 Aemilii
1056 1817 1169 1894 Probi
1189 1820 1236 1895 ed
1255 1820 1298 1896 T.
1316 1818 1568 1923 Pomponium

454 1940 619 2016 Atticum
644 1939 808 2040 libellus,
835 1966 911 2041 quo
932 1942 1165 2016 Graecorum
1183 1941 1448 2044 imperaturum
1465 1938 1568 2013 sitne

456 2058 698 2134 mundissimo
721 2087 763 2135 ac
783 2060 982 2134 castissimo
1003 2059 1183 2134 orationis
1210 2081 1349 2160 genere
1367 2048 1566 2160 explicen-

457 2178 612 2279 tur-c
1434 2174 1477 2295 ι.

913 2450 1115 2545 nouum,

660 2687 755 2736 ussr.
781 2685 974 2754 eumenus,
1000 2687 1072 2737 mv.
1092 2683 1219 2750 xxvii,
1247 2682 1307 2735 crs.
1331 2685 1366 2732 2.

503 2860 581 2937 Son
620 2861 716 2966 style
744 2866 822 2964 (de
848 2865 1044 2943 Cornelius
1080 2865 1233 2969 Nepos)
1274 2880 1329 2942 est
1352 2889 1449 2966 pur,
1484 2873 1572 2952 net,

454 2976 614 3080 ‹sse'gant
650 2979 703 3050 La
729 2977 947 3083 simplicite,
983 2981 1050 3079 qui
1078 3005 1128 3052 eu
1153 2978 1224 3053 init
1250 3006 1305 3054 uu
1332 2980 1396 3054 des
1423 2975 1567 3082 priuci-

453 3122 554 3201 peux
579 3092 809 3185 caracteres,
837 3113 894 3171 est
919 3094 1039 3171 cicilie
1055 3096 1168 3172 d’une
1186 3100 1327 3199 grande
1344 3096 1575 3182 de'licstesse,

455 3230 493 3287 et
519 3210 667 3288 releves
692 3209 743 3286 de
768 3219 890 3315 temps
915 3240 967 3288 en
993 3229 1111 3319 temps
1147 3212 1290 3319 pande
1323 3214 1479 3318 peusies
1503 3234 1572 3285 uo·

452 3327 534 3404 bles
561 3345 600 3404 et
623 3325 771 3404 solides.
796 3330 889 3404 Mais
916 3356 960 3405 ee
984 3333 1051 3434 qui
1078 3358 1139 3406 me
1168 3335 1293 3435 puscit
1311 3333 1358 3406 de
1384 3329 1470 3433 plus
1486 3330 1574 3403 esti·

452 3443 576 3523 mebie
600 3444 696 3521 daus
721 3461 783 3521 cet
817 3455 974 3536 auteur,
1002 3465 1138 3525 estun
1165 3451 1257 3553 geist
1283 3447 1442 3552 maeque
1470 3472 1573 3551 pour

451 3563 507 3641 les
523 3563 664 3668 grands
680 3565 875 3671 principes
891 3565 1117 3671 d’houueur,
1135 3564 1183 3641 de
1199 3566 1364 3669 probite,
1382 3565 1432 3641 de
1450 3579 1574 3655 vestu,

448 3685 496 3760 rie
520 3681 885 3775 de'siutsiressemeut,
909 3684 943 3758 d‘
953 3709 1087 3760 amour
1111 3685 1162 3759 du
1191 3687 1279 3762 bien
1303 3684 1447 3792 public,
1472 3683 1569 3786 qu’il

450 3796 591 3879 semble
609 3802 717 3876 aruir
727 3799 876 3879 dessein
893 3800 1097 3881 d‘iusiuuer
1113 3800 1208 3881 deus
1227 3821 1312 3882 tous
1328 3830 1387 3882 ses
1405 3804 1532 3881 sicrits.

487 4033 529 4105 (⁶)
544 4029 652 4105 setim·
667 4032 844 4089 museum
869 4034 1022 4105 scriptorum
1045 4034 1078 4089 ie
1097 4034 1196 4107 Nepote
1218 4035 1313 4091 iudicis
1329 4034 1572 4106 praetermittimus,

456 4112 524 4168 husi
541 4113 629 4186 inqui
645 4112 736 4186 utique
758 4115 899 4178 momenti,
922 4114 1036 4189 alioquin
1058 4114 1133 4173 sseiis
1152 4114 1246 4183 obvie,
1267 4116 1418 4189 prasertim
1435 4119 1465 4170 iu
1486 4118 1572 4190 Pepe-

457 4194 569 4255 mmet
580 4192 700 4257 strue.
717 4195 855 4254 edumei
872 4204 958 4252 temen
975 4198 1129 4275 insigniores
1145 4214 1178 4254 es
1190 4196 1308 4256 Gsiiicis.
1324 4196 1463 4255 Βοῶνι.
