3414 5796
490 503 585 596 322
951 533 1129 592 srrmvs

487 735 571 838 capi
596 747 748 836 possent
761 731 989 834 conservatis
1007 729 1164 834 legibus,
1181 732 1223 806 in
1235 745 1309 804 tam
1327 731 1454 808 effusis
1473 731 1609 806 ambi·

486 867 548 924 tus
565 846 835 946 largitionibus,
846 875 969 952 neque
984 850 1062 950 geri
1083 873 1104 920 e
1123 845 1315 950 republica
1329 847 1408 932 sine
1417 847 1612 948 periculo,
1635 854 1640 864 '

487 965 676 1066 corruptis
686 965 844 1060 civitatis
858 961 1034 1040 moribus.
1046 961 1104 1052 Ad
1115 963 1281 1037 bastam³
1300 961 1490 1070 publicam
1503 989 1608 1036 nun-

487 1103 599 1178 quam
618 1081 781 1154 accessit.
802 1077 948 1154 Nullius
968 1081 1022 1154 rei
1044 1105 1170 1182 neque
1202 1103 1328 1178 praes,
1349 1103 1475 1180 neque
1496 1105 1607 1152 man-

486 1199 609 1298 ceps⁴
626 1193 748 1276 factus
766 1213 833 1270 est.
853 1193 1048 1270 Neminem
1065 1222 1191 1298 neque
1205 1221 1272 1270 suo
1291 1198 1457 1283 nomine,
1474 1221 1608 1297 neque

485 1310 740 1401 subscribens,
760 1315 775 1364 ⁵
793 1315 992 1388 accusavit.
1016 1313 1060 1384 ln
1087 1313 1174 1386 ius6
1192 1311 1238 1386 de
1259 1337 1324 1386 sua
1344 1337 1385 1384 re
1405 1337 1607 1413 nunquam

487 1428 543 1518 iit,
559 1427 743 1530 iudiciuin·
754 1427 900 1505 nullum
912 1429 1052 1504 habuit.
1063 1428 1272 1506 Multorum
1284 1425 1482 1503 consulum
1496 1453 1604 1528 prae·

488 1539 687 1644 torumque
704 1543 959 1650 praefecturas
973 1543 1115 1624 delatas
1134 1549 1146 1593 ⁷
1167 1547 1217 1618 sic
1235 1547 1390 1648 aceepit,
1409 1561 1454 1616 ut
1478 1547 1603 1616 nerni-

485 1684 571 1734 nem
585 1664 626 1734 in
646 1663 884 1766 provinciam⁸
899 1662 946 1736 sit
965 1678 1127 1752 secutus,
1147 1661 1293 1740 honore
1311 1659 1429 1733 fuerit
1449 1675 1607 1733 conten·

486 1789 561 1866 tus,
587 1779 641 1850 rei
660 1777 853 1854 familiaris
869 1776 1083 1880 despexerit
1103 1773 1279 1854 fructum.
1299 1777 1373 1870 Qui
1391 1799 1539 1849 netum
1555 1778 1604 1868 Q.

487 1889 641 1988 quidem
660 1883 850 1968 Cinerone.
870 1891 1035 1970 voluerit
1062 1896 1118 1966 ire
1136 1893 1176 1965 in
1201 1894 1337 1994 Asiam,
1356 1916 1477 1993 quum
1495 1889 1606 1992 apud

486 2031 575 2078 eum
594 2005 706 2108 legati
726 2006 851 2083 locum
879 2011 1051 2104 obtinete
1070 2015 1207 2112 posset.
1238 2009 1324 2082 Non
1344 2009 1443 2080 enim
1460 2003 1603 2080 decere

486 2143 526 2193 se
542 2119 808 2211 arbitrabatur,
820 2147 936 2224 quum
948 2131 1162 2226 praeturam
1176 2148 1307 2226 gerere
1319 2119 1509 2208 noluisset,
1526 2146 1598 2192 as-

486 2235 622 2346 seclam
643 2241 658 2289 ⁸
675 2263 754 2312 esse
783 2241 979 2341 praetoris.
999 2241 1081 2332 Qua
1101 2240 1141 2310 in
1159 2265 1200 2310 re
1218 2264 1296 2312 non
1318 2235 1439 2312 solum
1464 2234 1593 2339 digni·

485 2353 553 2426 tati
572 2354 772 2444 serviebat,
788 2352 853 2428 sed
868 2345 977 2427 etiam
988 2351 1264 2454 tranquillitati,
1281 2379 1399 2456 quum
1418 2354 1598 2456 suspiciu-

483 2605 582 2659 bibent.
606 2609 638 2660 ln
661 2605 762 2660 diverso
778 2605 881 2660 ‘abeunt
898 2605 1014 2658 virorum
1065 2613 1193 2658 auctorem
1210 2623 1264 2658 esre
1278 2605 1450 2676 profiteretur.
1466 2606 1532 2658 Vide
1545 2608 1595 2660 Er·

484 2689 615 2742 doctorum
633 2675 784 2756 sententiam
802 2709 831 2742 ex
846 2685 939 2760 quibus
951 2709 1014 2758 pro·
1065 2698 1131 2740 nest.
1146 2691 1172 2740 in
1187 2688 1259 2756 elene
1273 2691 1326 2742 Cic.
1336 2689 1404 2742 bisce
1420 2690 1527 2742 vocibus.
1538 2693 1600 2742 Pu·-

482 2771 541 2825 bata
569 2773 715 2826 emendatio
737 2773 874 2836 Lambini,
901 2775 1014 2826 maxima
1065 2771 1290 2828 blicotunrautem
1308 2773 1599 2842 vectigaliumredemss-

482 2857 539 2908 ueri
555 2859 639 2925 specie
652 2855 874 2918 commendabilis,
885 2865 911 2908 et
925 2867 1012 2909 mutua
1065 2857 1197 2925 ptionem,
1215 2857 1294 2924 quam
1311 2856 1438 2908 sariebant
1455 2855 1597 2927 publicani,

482 2937 607 2991 librorum
626 2956 675 3015 ope
696 2939 857 2992 concinnata.
880 2939 908 2991 Ε
918 2947 1012 2996 ‘eutem
1064 2947 1178 3006 spectare
1196 2937 1278 3007 llgpoe
1292 2937 1402 2990 videtur.
1420 2939 1539 3005 Quorum
1557 2949 1597 2992 tn·

481 3021 511 3074 in
522 3023 570 3075 ltee
584 3041 651 3074 nexu
663 3023 787 3092 significat
799 3023 830 3076 ad
844 3024 1012 3079 commodum
1063 3039 1125 3074 rnen
1143 3020 1240 3074 socium
1261 3029 1286 3072 et
1302 3020 1467 3092 vectigalium
1486 3023 1597 3092 pertici.

481 3104 644 3175 reipublicae.
662 3108 724 3160 Tne.
1063 3123 1123 3174 pem
1139 3108 1253 3156 Atticum
1268 3105 1344 3158 fuisse
1358 3103 1489 3172 nonnulli,
1506 3123 1537 3157 ex
1551 3107 1598 3158 Ci-

400 3193 404 3201 '
516 3187 882 3254 (3)Adlmetum.ductionit
895 3185 1011 3259 publicae
1063 3188 1359 3258 eerouieedAttEpiat
1375 3189 1596 3256 1,tu,ertt,t⁵,

480 3268 595 3339 rignum,
608 3269 656 3322 sub
671 3289 722 3341 qua
733 3280 794 3324 tune
811 3274 838 3324 in
855 3273 946 3342 primis
962 3291 1010 3342 pu·
1061 3269 1327 3349 eolligunt„bineque
1352 3271 1479 3343 Nepotem
1495 3290 1591 3341 repre-

480 3349 576 3404 blicuta
589 3358 788 3423 proscriptorum
802 3355 868 3408 bona
880 3355 1010 3409 venibant.
1062 3359 1189 3412 bendunt.

480 3433 601 3500 dectores,
611 3439 655 3508 qui
667 3455 696 3488 ea
708 3438 835 3506 emebant,
844 3425 1009 3492 'vocabantur

423 3579 425 3594 ,
479 3521 540 3570 Tne.
557 3521 627 3572 Bona
643 3519 806 3575 distrahenda
827 3521 913 3575 bostem
925 3523 1010 3576 subiici

477 3599 635 3658 dicebantur.

511 3691 554 3756 (t)
568 3686 657 3761 Neque
676 3707 764 3758 praee,
783 3709 859 3762 neque
882 3709 1004 3760 manceps.

477 3779 507 3823 t·
524 3769 621 3842 Prae,
643 3772 687 3842 qui
709 3785 750 3826 eut
773 3793 821 3826 ruo
838 3784 881 3827 aut
903 3774 1007 3828 alteriue

476 3854 585 3905 nornine
601 3861 683 3918 cavet,
701 3851 797 3926 populo
809 3875 836 3908 se
856 3855 962 3926 obligat,
980 3865 1006 3910 et

474 3933 656 4004 emegiatratu
675 3937 860 4006 interrogetur,
874 3937 900 3987 in
915 3936 1004 4007 publi·
1090 3925 1134 3990 (7)
1151 3923 1266 3975 [ldm-
1290 3921 1319 3975 ld
1343 3931 1397 3986 ⁶⁵²2
1418 3923 1590 3992 PMf‘tlssffl

473 4033 535 4070 cm
553 4027 580 4070 up
593 4028 714 4090 pumen
727 4018 794 4072 inde·
805 4038 886 4089 quum
900 4039 1005 4090 sapon.
1057 4005 1150 4060 deferri
1167 4005 1253 4060 solitas
1269 4025 1282 4058 a
1299 4005 1463 4067 consulibus,
1480 4015 1590 4077 proetu-

473 4101 528 4163 ὼς,
550 4101 643 4156 dicim,
655 4124 736 4174 pm,
755 4109 783 4156 20
801 4106 939 4174 Mmp„
958 4105 1003 4176 qui
1055 4088 1142 4149 ribus,
1160 4098 1185 4143 et
1202 4090 1234 4140 ab
1248 4089 1403 4159 imperatore
1419 4091 1445 4142 iu
1462 4091 1591 4146 exercitu.

471 4203 488 4239 e
506 4184 599 4255 populo
612 4186 711 4259 aliquid
725 4188 829 4242 redimit
845 4198 888 4240 aut
902 4190 1003 4241 condu·
1056 4173 1286 4247 ’H⁰”⁰'⁶s“⁸'i‘
1295 4185 1427 4226 mmm·
1440 4171 1526 4226 ΟΜ
1536 4173 1590 4226 '⁰5'

470 4269 518 4332 εἰς·
533 4268 568 4321 ite
589 4280 675 4323 tutem
688 4271 770 4344 dietus
788 4272 858 4342 quod
873 4271 900 4324 in
918 4272 1000 4326 licite·
1034 4255 1112 4314 -lloel
1127 4253 1251 4311 munerib

471 4351 585 4406 tionibus
599 4353 698 4410 sublate
714 4371 794 4408 manu
818 4374 846 4408 ee
863 4359 1002 4427 emptionis
1037 4355 1039 4360 '
1085 4361 1131 4428 (8)
1145 4360 1415 4432 Aureumteguum
1428 4355 1534 4412 seilicet.
1559 4397 1572 4422 ,

1093 3473 1136 3540 (t)
1156 3471 1317 3526 Subeeribeus.
1334 3469 1522 3540 subscriptione
1542 3487 1595 3524 sua

1059 3551 1163 3609 alterius
1177 3558 1365 3609 accurationem
1380 3557 1479 3608 iuvuns.

1091 3657 1134 3721 (6)
1148 3656 1180 3706 ln
1192 3660 1272 3709 irum.
1285 3655 1408 3725 numquam
1419 3659 1457 3718 iit,
1471 3654 1593 3707 iudicium

1058 3739 1153 3791 nullum
1165 3738 1256 3790 tatuit.
1264 3737 1292 3790 ld
1307 3749 1355 3800 ert,
1366 3733 1449 3806 neque
1458 3741 1489 3792 itt
1500 3739 1528 3792 iu
1541 3740 1592 3805 ius,

1058 3839 1143 3894 neque
1156 3823 1210 3892 ipre
1222 3822 1285 3874 alios
1301 3821 1413 3877 vocavit.
