3528 5780
594 525 775 586 arrruvs
1144 493 1241 612 343

133 719 255 802 morbi
272 723 313 797 iu
326 724 439 798 imum
459 722 703 800 intestinum²
722 725 912 827 prorupit,
928 736 1245 808 utextremotem·

133 864 228 943 pore
246 864 317 941 per
347 833 497 938 ldmbcs
515 835 639 914 fistula
654 839 777 943 putris
806 840 989 943 eruperit.
1017 839 1140 942 Atque
1172 821 1270 916 hcc¹

132 957 349 1060 priusquam
370 957 404 1028 ei
417 952 627 1045 accideret,
646 969 843 1058 postquam
864 957 905 1028 in
924 954 1000 1029 dies
1018 951 1169 1031 dolores
1188 980 1248 1029 ac·
1269 986 1271 995 ·

134 1093 315 1161 crescere,
346 1067 548 1172 febresque
569 1071 760 1144 accessisse
793 1071 920 1160 sensit,
948 1069 1152 1174 Agrippam
1182 1095 1247 1170 ge-

131 1210 268 1260 nerum
295 1184 345 1261 ad
371 1211 409 1261 se
434 1187 603 1261 arcessiri
631 1187 756 1280 iussit,
776 1189 790 1236 ³
808 1202 949 1262 etcum
970 1210 1016 1260 eo
1036 1187 1078 1258 L.
1104 1185 1249 1260 Corne-

132 1299 228 1376 lium
257 1301 437 1399 Balbum,
469 1305 700 1407 Sextumque
731 1299 982 1377 Peducaeum.
1008 1301 1085 1377 Hos
1109 1315 1154 1375 ut
1179 1327 1246 1376 re·

132 1417 232 1496 bisse
261 1416 374 1508 vidit,
392 1417 615 1496 incubitum
650 1421 823 1493 innixus:
848 1449 868 1484 a
888 1420 1087 1514 Quantam,
1113 1419 1249 1519 inquit,
1351 1445 1358 1455 ·

137 1563 262 1612 curam
289 1535 602 1639 diligentiamque
619 1539 660 1610 in
679 1533 894 1613 valetudine
912 1561 993 1609 mea
1014 1534 1156 1610 tuenda
1177 1535 1251 1611 boc

138 1667 304 1757 tempore
322 1651 585 1743 adhibuerim,
607 1679 727 1754 quum
752 1679 817 1729 vos
839 1666 948 1726 testes
965 1649 1138 1746 habeam,
1158 1648 1251 1728 nihil

137 1767 668 1872 necesseestpluribusverbis
683 1757 985 1842 commemorare.
996 1767 1141 1862 Quibus
1153 1791 1252 1869 quo·
1270 1773 1274 1781 '

136 1886 249 1976 niam,
266 1896 310 1958 ut
326 1909 451 1986 spero,
464 1882 635 1971 satisfeci,
654 1908 712 1957 me
729 1879 825 1956 nihil
837 1881 976 1985 reliqui
993 1881 1136 1973 fecisse,
1147 1880 1252 1986 quod

140 1997 414 2076 adserendum
435 2024 494 2072 me
512 2000 742 2104 pertineret;
762 1996 1029 2096 reliquumest,
1049 2012 1090 2070 ut
1105 2011 1254 2108 egomet

142 2117 234 2194 mihi
252 2114 459 2192 consulam.
472 2112 515 2189 ld
534 2139 597 2200 vus
616 2113 792 2215 ignorare
810 2111 930 2187 nolui.
955 2115 1049 2187 Nam
1076 2113 1166 2187 mihi
1181 2127 1254 2188 stat
1319 2168 1326 2180 .

139 2233 240 2308 aiere
252 2231 423 2304 morbum
443 2227 637 2304 desinere:
662 2255 826 2331 namque
841 2227 898 2302 his
918 2227 1050 2304 diebus
1063 2225 1255 2333 qbidquid

138 2346 215 2422 eibi
241 2347 393 2450 sumpsi,
412 2345 428 2394 ⁴
446 2348 496 2418 ita
514 2341 680 2448 produxi
702 2345 828 2431 vitam,
855 2361 897 2418 ut
924 2345 1091 2418 auxerim
1102 2342 1254 2419 dolores

138 2463 221 2538 sine
240 2487 306 2566 spe
325 2459 464 2535 salutis.
482 2460 608 2554 Quare
628 2485 648 2529 a
666 2455 773 2533 vobis
793 2473 882 2560 peto
899 2461 1079 2559 primum,
1097 2473 1138 2530 ut
1155 2481 1251 2538 con·¹

122 2573 262 2652 'silium
275 2571 446 2678 probetis
465 2596 588 2648 meum
601 2598 612 2660 3
625 2567 777 2661 deinde,
797 2595 845 2644 ne
859 2568 999 2645 frustra
1016 2567 1255 2646 dehortando

137 2715 375 2768 conemur.»

190 2803 310 2878 XXII.
329 2803 408 2876 Hac
426 2801 597 2876 oratione
615 2797 764 2889 habita,
781 2811 885 2872 tanta
912 2801 1122 2873 constantia
1156 2799 1255 2872 vocis

137 2935 251 3028 atque
270 2916 409 3011 vultus,
434 2932 578 2992 utnon
605 2941 650 2990 ex
671 2915 757 3012 vita,
785 2913 851 2990 se'd
878 2939 922 2989 ex
937 2913 1080 2989 ‹itrmo¹
1111 2915 1151 2986 in
1179 2912 1251 2990 do·

735 3069 755 3110 0

170 3183 215 3251 (2)
230 3181 263 3234 Iu
274 3185 352 3236 ituuttt
360 3177 569 3234 incarnatum
575 3193 673 3232 nomen
724 3177 760 3230 ier
770 3177 855 3246 priam
867 3177 901 3228 de
912 3189 1008 3228 truwer
1023 3177 1103 3228 doure
1120 3187 1149 3228 ad
1166 3175 1259 3228 delibr-

139 3276 241 3318 rectura.
257 3260 301 3317 At.
319 3261 371 3333 leg.
393 3263 420 3312 iu
436 3279 562 3314 mrum-u
573 3257 674 3312 Fistula
725 3266 871 3324 raticuput,
887 3259 1054 3330 capistrum,
1070 3259 1103 3312 de
1119 3277 1150 3311 ue
1168 3260 1259 3330 pertire

135 3351 219 3422 pratris
232 3351 347 3418 eruperit.
361 3345 465 3410 Morbo,
487 3353 517 3398 ut
533 3342 674 3398 verisimile
723 3349 795 3416 pciut
819 3345 874 3396 leur
895 3346 968 3414 peine
991 3345 1008 3396 b
1030 3343 1085 3395 ἴση
1107 3343 1258 3396 dertoumcr.

139 3441 187 3496 cst,
201 3434 301 3486 Atticus
312 3430 448 3493 laborarit,
463 3444 541 3499 quem
554 3445 675 3482 vocamur
726 3429 889 3496 mortaigne,
899 3427 996 3488 Eraria,
1012 3427 1053 3489 11,
1071 3431 1112 3479 tt.

136 3517 223 3588 firtrdr
236 3515 380 3588 stercorario.
760 3515 803 3580 (4)
818 3511 948 3584 Quidquid
960 3511 1009 3564 cidi
1019 3515 1122 3580 sumpsi.
1135 3509 1194 3563 Post
1210 3509 1260 3562 cibi

173 3600 217 3666 (³)
230 3599 276 3651 Aa
291 3617 318 3650 aa
330 3599 447 3652 wocurt
457 3597 537 3663 iussit)
550 3593 586 3648 Ge
597 3593 676 3647 Pom·
726 3593 824 3648 addunt
836 3594 940 3664 quidam
950 3597 1112 3664 potionisque5
1130 3589 1173 3644 sed
1191 3589 1261 3642 abeat

137 3685 228 3752 portius
244 3681 356 3744 Atticus,
370 3681 387 3733 b
399 3685 443 3749 qut
467 3677 555 3734 δίοιτο
568 3681 675 3748 εισνὶρι,
727 3677 838 3732 abedit.
855 3679 939 3749 princ.
957 3694 1016 3730 aun.
1036 3681 1101 3741 1470
1110 3714 1119 3740 ,
1137 3682 1164 3726 et
1182 3673 1258 3728 MSS.

142 3774 222 3818 tamt
232 3764 345 3829 malade,
352 3766 406 3835 fait
422 3762 533 3834 appeller
546 3759 674 3829 Agrippa,
726 3761 850 3830 pluribus.

142 3863 190 3900 rou
201 3845 344 3916 prurirent
357 3847 422 3898 deux
432 3862 463 3898 ou
471 3847 530 3896 trcir
542 3841 675 3894 ammata
760 3849 802 3914 (t)
813 3845 906 3898 Domo.
914 3843 1064 3914 Metapbora
1075 3839 1187 3914 elegans,
1201 3855 1261 3910 qur,

143 3922 677 3999 suammerteurdiraqu’ayarteuard
727 3928 772 3983 rei
799 3927 894 3994 simili,
922 3939 1021 3982 veteres
1044 3936 1160 3980 utuntur.
1187 3923 1262 3978 rura

142 4015 243 4088 qu'iluc
255 4013 458 4085 guigueitrieub
470 4031 497 4066 se
510 4011 606 4064 remote
612 4027 677 4079 gua·
727 4009 879 4081 ἀποδημεῖν,
896 4011 990 4064 Paulus
1006 4007 1136 4079 taturus.
1153 4012 1216 4062 Tus.
1228 4033 1263 4050 -··

143 4102 189 4164 rt'r,
205 4111 286 4170 etqua
306 4111 399 4152 murtea
415 4097 484 4168 qu't'l
502 4095 593 4168 saitot't
615 4111 677 4163 pour
729 4096 893 4150 Acceleruret.
919 4095 1092 4164 Heusingerus
1117 4091 1264 4164 praeposuit

144 4185 260 4254 aucuper
283 4202 313 4236 aa
335 4189 383 4247 rie,
407 4183 548 4253 aliougeoit
564 4183 630 4234 east
654 4188 678 4231 et
730 4180 779 4234 ribi
791 4221 798 4245 ,
822 4179 893 4250 quod
910 4179 1005 4248 recepit
1029 4177 1190 4241 Wetreiiur,
1217 4187 1262 4238 et,

145 4270 300 4336 mamati
315 4287 344 4321 ra
360 4269 471 4332 doulerrr,
485 4269 506 4320 tt
521 4270 594 4319 ertcir
613 4263 681 4316 doti«
731 4261 981 4338 cmissoadanter'd,
991 4257 1266 4314 Sehmtedeuuttem

147 4349 203 4404 beri
215 4353 248 4406 dr
261 4366 347 4408 metue
356 4353 399 4424 fir
409 4353 498 4406 diune
512 4353 562 4408 eri
574 4349 679 4420 fultra
731 4363 765 4418 pe
788 4345 899 4412 dativus,
922 4361 1001 4414 quem
1024 4360 1071 4412 pro
1084 4359 1155 4402 nean
1172 4349 1266 4396 voram
