3660 5740
560 475 885 544 runutsuoctus
970 555 974 564 Ι
1228 443 1290 542 81·

170 682 339 776 deretur,
348 682 564 788 praecepit3
583 685 737 760 interim
751 708 882 760 omnes
900 683 997 762 servi
1016 683 1029 731 ⁷
1049 697 1165 788 atque
1183 684 1291 762 liberi

170 825 266 904 opus
284 796 476 891 facerent;
494 821 618 900 neque
638 798 708 876 ulli
725 800 811 877 loeo
832 805 1061 903 parcerent,
1086 802 1165 877 sive
1183 828 1291 878 sacer

168 927 278 1008 esset,
297 919 374 994 sive
394 915 591 1022 profanus,
609 921 690 996 sive
711 920 904 1022 privatus,
924 918 1003 994 sive
1028 915 1232 1022 publicus3
1250 937 1291 996 et

166 1035 359 1142 undique,
383 1033 490 1142 qnod
517 1035 696 1113 idoneum
725 1035 775 1111 ad
801 1034 1053 1112 muniendum
1081 1051 1289 1139 putarent,

167 1170 431 1258 congererent.
459 1155 543 1248 Quo
564 1151 705 1228 iactum
728 1170 805 1244 est,
823 1170 869 1228 ut
887 1153 1173 1230 Atheniensium
1192 1157 1292 1232 muri

168 1299 216 1348 ex
231 1269 376 1348 sacellis
397 1269 660 1375 sepulcrisque
680 1271 696 1322 ³
715 1280 947 1346 constarent.

215 1389 299 1463 VII.
324 1383 595 1462 Themistocles
615 1403 754 1478 autem,
773 1403 817 1463 ut
828 1386 1153 1464 Lacedaemonem
1172 1388 1294 1481 venit,

169 1502 274 1580 adiro
300 1501 351 1580 ad
381 1503 646 1605 magistratus⁴
670 1501 820 1594 noluit,
846 1517 885 1579 et
903 1501 1010 1579 dedit
1039 1529 1218 1608 operam,
1243 1519 1291 1580 ut

167 1647 279 1722 quam
293 1608 662 1726 longissime'tempus
673 1618 844 1711 duceret,
859 1643 1010 1697 causam
1023 1622 1290 1724 interponens,

165 1766 206 1816 se
232 1737 395 1846 collegas
424 1755 660 1844 exspectare.
686 1740 814 1836 Quum
843 1738 1134 1818 Lacedaemonii
1153 1765 1291 1846 quere·

165 1875 314 1950 rentur,
333 1883 429 1963 opus
447 1855 695 1932 nihilominus
712 1853 807 1949 fieri,
828 1881 993 1960 eumque
1019 1860 1061 1934 in
1088 1885 1134 1934 ea
1153 1884 1196 1932 re
1225 1883 1294 1934 co-

164 1977 245 2052 nari
272 1973 404 2051 fallere
416 2002 427 2066 ;
455 1973 606 2049 interim
628 1969 763 2072 reliqui
782 1974 895 2075 legati
916 1990 1006 2050 sunt
1022 1974 1229 2050 consecuti.
1255 1973 1291 2050 A

165 2093 304 2191 quibus
321 2115 440 2194 quum
458 2087 648 2178 audisset,
666 2116 746 2164 uon
766 2087 924 2164 multum
943 2115 1138 2192 superesse
1157 2089 1286 2164 muni·

165 2208 290 2299 tionis,
307 2209 321 2257 ²
342 2205 391 2280 ad
404 2205 570 2310 ephoros
583 2204 969 2284 Lacedaemoniorum
988 2206 1156 2296 accessit,
1173 2231 1293 2308 penes

168 2400 229 2456 satia
243 2399 293 2456 alte
312 2419 401 2456 murus
417 2411 545 2456 extructus
562 2401 702 2454 videretur.
755 2419 845 2472 garum
864 2419 991 2468 necamus,
1006 2403 1065 2455 siue
1077 2399 1169 2470 quibua
1181 2401 1221 2472 agi
1235 2402 1294 2454 iure

165 2483 306 2548 Eamtleru,
335 2486 426 2540 maiori
450 2495 539 2540 autem
563 2483 703 2547 felicitate.
754 2484 820 2540 nihil
835 2486 928 2556 possit,
941 2484 1012 2538 diem
1026 2484 1060 2537 de
1074 2483 1116 2536 die
1129 2482 1295 2553 proferendo,

167 2570 280 2622 formam
303 2567 420 2623 adhibuit
442 2567 550 2622 Phaedr.
568 2569 598 2633 l,
618 2574 649 2632 8,
671 2567 703 2621 de
753 2569 869 2642 epatium
881 2567 1089 2622 consummando
1100 2567 1174 2638 operi
1185 2585 1293 2640 quaere·

164 2670 248 2724 gnte:
274 2653 356 2706 Gaiae
380 2651 487 2726 (Lupi)
514 2653 618 2708 oedem
644 2653 703 2706 colli
754 2655 797 2710 lut
811 2675 834 2706 a.
848 2683 881 2696 -
895 2654 1005 2708 Curam
1022 2661 1195 2726 interponam
1215 2669 1292 2726 supra

163 2738 360 2810 longitudinem.
754 2740 781 2794 io
799 2737 918 2794 Miltiade
947 2741 993 2803 tv,
1011 2757 1112 2792 causum
1127 2743 1292 2810 interrorem,

194 2826 250 2893 (7)
271 2820 348 2876 Serri.
370 2822 473 2894 Quippe
501 2819 701 2875 tumultuarium
753 2823 804 2879 ie.
818 2821 1004 2888 recuruatae
1021 2831 1234 2893 praetextentur.

160 2925 225 2980 opus
249 2907 392 2964 esaavtd:
409 2905 532 2979 Thucyd.
558 2908 588 2972 l,
610 2912 653 2960 93.
668 2935 700 2947 -
784 2907 1024 2980 (monaahum
1039 2927 1163 2978 rupem
1175 2909 1290 2962 matida·

160 2991 219 3046 Sive
236 3011 314 3047 tumr.
323 2993 479 3062 Quanquam
493 2990 571 3044 suerit
589 3007 696 3062 praece-
747 2997 797 3048 uir.
816 2992 898 3063 Prope
910 3009 979 3056 esre,
994 3000 1021 3044 ut
1035 2990 1146 3044 munitio
1162 2989 1285 3046 absolve·

159 3083 232 3148 ptum
248 3084 334 3139 setus.
348 3093 401 3128 non
419 3092 475 3129 erae
489 3073 619 3130 movenda
631 3091 696 3138 ,seu
747 3086 826 3130 retur.
838 3103 873 3117 -
885 3075 1008 3146 Ephorus.
1020 3075 1143 3145 Supremi
1156 3075 1289 3146 magistra·

158 3159 288 3224 violanda,
306 3177 390 3231 neque
407 3157 497 3212 altaria
511 3175 594 3228 neque
608 3155 694 3228 repul·
747 3173 788 3216 toa
805 3171 879 3216 erant
889 3159 1164 3228 Lacedaemoniorum,
1176 3178 1288 3214 numero

160 3261 201 3297 era
217 3243 382 3298 anthemum
398 3239 501 3296 sacella.
513 3239 581 3294 Vide
596 3239 695 3294 boob.
747 3248 869 3319 quinque.
883 3245 917 3298 Hi
931 3253 1017 3298 autem
1032 3243 1230 3316 a'I'heopompo
1240 3265 1287 3317 op-

159 3329 182 3392 l,
201 3333 241 3382 dt.
746 3334 826 3404 positi
843 3331 948 3398 regibus
961 3330 1085 3395 tuentot,
1101 3339 1130 3382 ut
1147 3328 1214 3400 apud
1229 3333 1288 3383 lto-

194 3415 237 3481 (s)
256 3411 300 3464 Er
315 3413 414 3467 masilia
433 3413 608 3484 aepaderr'sque.
626 3411 695 3463 Haec
747 3409 839 3468 nlanos
852 3411 1000 3466 consulibus
1013 3410 1119 3464 tribuni.
1130 3413 1165 3464 Vt
1181 3412 1283 3464 enimc

160 3503 261 3550 tautum
274 3515 343 3550 sacra
357 3506 500 3564 enumerat,
514 3493 628 3566 eoquod
641 3511 695 3547 ma·
746 3499 894 3553 consulibus
914 3497 946 3550 ad
963 3495 1081 3550 tribunos
1092 3511 1233 3565 provocare
1247 3496 1283 3550 li·

159 3581 229 3634 aime
243 3591 346 3634 mentes
357 3581 493 3652 agitarent
746 3583 841 3649 rebat,
862 3581 900 3636 sic
915 3599 929 3632 a
946 3578 1051 3649 regibus
1065 3575 1287 3634 Lacedaemonio·

193 3668 237 3735 (t)
252 3667 332 3720 Adire
348 3667 384 3722 ad
396 3665 696 3739 mgistratuaAEphotos
746 3685 825 3730 rum,
839 3663 870 3716 ad
884 3662 1003 3732 ephoros.
1014 3663 1099 3715 Tanta
1114 3662 1220 3732 insuper
1230 3671 1286 3716 erat

159 3750 241 3805 adire.
272 3752 491 3821 Praepositiooom
522 3748 696 3824 duplicatione
746 3753 968 3817 enimpotestas,
978 3753 1089 3813 utreges
1099 3743 1170 3814 ipsos
1180 3747 1210 3796 in
1223 3745 1288 3799 vin·

158 3836 254 3906 gaudet
265 3837 394 3908 imprimis
406 3844 502 3901 notter,
512 3845 541 3890 ut
549 3845 574 3890 et
582 3836 695 3907 optimae
747 3833 805 3885 eula
820 3826 925 3899 publica
937 3828 1067 3879 coniicere
1078 3823 1203 3878 valeant.
1216 3826 1285 3879 Vide

158 3931 235 3976 uotae
249 3921 393 3993 scriptores.
410 3919 480 3976 Vide
498 3919 542 3983 hie
555 3918 632 3992 paulo
648 3921 692 3974 in·
746 3915 818 3970 iufra
827 3913 856 3965 in
867 3906 1130 3978 Pausania.nginta
1143 3907 1217 3961 anuis
1227 3917 1286 3979 post

157 4003 280 4060 seclusio
296 4005 381 4058 Dione
397 4005 476 4069 Villa
496 4001 639 4058 Hannibale
660 4003 697 4068 113
747 3999 810 4054 latas
817 3994 932 4068 Lycurgi
943 3991 1129 4066 legeesuetuut
1139 3991 1286 4050 contituti.

158 4099 186 4144 et
204 4107 318 4162 pua.-
335 4088 455 4160 thraam
468 4089 614 4160 largissime
624 4101 695 4142 tem-
746 4089 786 4140 De
802 4083 843 4136 hia
864 4080 944 4137 Arist.
967 4080 991 4130 11
1019 4076 1075 4131 Pol.
1091 4095 1115 4132 e.
1139 4083 1165 4140 7,
1183 4087 1232 4132 etc.
1251 4109 1285 4124 -

154 4195 203 4248 pm
219 4179 336 4247 ducem,
355 4188 406 4233 etc,
422 4175 461 4231 lu
483 4175 553 4250 apud
569 4177 696 4232 lustinum
746 4166 889 4228 Contendit.
904 4163 1005 4217 Acrllet'
1016 4161 1209 4231 affirmflt3tple
1222 4161 1284 4232 qul·

157 4263 193 4329 ll,
211 4269 259 4318 ts:
280 4267 338 4320 aEt
349 4283 419 4319 uuae
432 4265 460 4320 lo
473 4254 575 4330 itineie,
588 4263 696 4319 intrusi·
746 4255 818 4323 dem,
834 4263 865 4313 ut
880 4246 1144 4310 Lacedaemoniorum
1158 4245 1229 4305 dieta
1240 4266 1283 4303 re·

158 4353 213 4404 tate
224 4347 361 4414 aarum
374 4366 444 4404 nuuc
457 4347 605 4408 tarditatem
617 4345 697 4406 cotto·
746 4340 858 4400 tolleret.

262 4429 358 4526 Coit·
383 4433 476 4520 Nm.
1090 4527 1096 4540 ,
1149 4413 1180 4492 F
