3528 5780
474 575 479 584 ,
553 481 647 598 342
1015 509 1193 577 arrrcvs

549 711 758 806 colebatur;
769 714 861 794 adeo
875 728 919 790 ut
927 731 1101 791 accurate
1120 713 1183 789 ille
1200 737 1248 788 ex
1258 687 1399 791 ultimis
1415 717 1551 808 terris,³
1569 703 1672 819 quid

548 843 687 934 ageret,
706 853 821 906 curae
840 829 909 906 sibi
929 828 1085 904 baberet
1106 830 1306 904 certiorem
1333 829 1457 904 lacere
1485 829 1670 908 Atticum.

548 947 630 1020 Hoc
649 944 758 1046 quale
778 945 838 1038 sit,
865 943 1012 1020 facilius
1032 942 1256 1021 existimabit
1275 947 1318 1035 is,
1337 947 1405 1048 qui
1414 943 1584 1020 iudicare
1595 975 1669 1052 po-

548 1061 651 1147 terit,
662 1075 825 1161 quantae
837 1061 892 1170 ¹sit
907 1060 1124 1164 sapientiae,
1133 1083 1264 1133 eorum
1283 1061 1446 1133 retinere
1466 1085 1575 1134 usum
1588 1060 1663 1136 be·

549 1174 901 1276 nerolentiamque,
920 1179 1021 1248 inter
1046 1199 1144 1276 quos
1162 1173 1405 1248 maximarum
1430 1200 1555 1249 rerum
1582 1201 1668 1252 non

550 1290 672 1366 solum
691 1287 902 1380 aemulatio,
921 1288 987 1366 sed
1001 1288 1226 1368 obtrectatio
1253 1304 1356 1363 tanta
1376 1289 1667 1382 intercedebat,
1750 1383 1751 1392 ἵ

459 1478 462 1488 .
551 1395 731 1512 quantarb
759 1407 833 1484 luit
862 1403 1030 1493 incidere
1049 1431 1201 1482 necesse
1218 1407 1527 1482 intet‘Caesarem
1549 1423 1667 1509 atque

549 1525 769 1615 Antonium,
789 1510 906 1627 quum
922 1549 960 1598 se
979 1523 1361 1627 uterqueprincipem
1374 1548 1451 1597 non
1469 1523 1589 1599 solum
1600 1553 1666 1601 ur·

550 1643 607 1718 bis
629 1645 830 1733 Romanae,
851 1640 915 1716 sed
944 1641 1042 1718 orbis
1060 1657 1260 1732 terrarum,
1276 1639 1543 1743 esse'euperet.

600 1759 704 1832 XXI.
723 1755 807 1833 Tali
826 1755 938 1832 modo
956 1783 1075 1860 quum
1094 1771 1235 1861 septem
1254 1772 1293 1830 et
1311 1758 1547 1859 septuaginta
1566 1762 1577 1807 ⁴
1594 1784 1669 1832 an·

545 1897 619 1963 ,nos
646 1871 877 1974 complesset,
894 1881 1010 1974 atque
1032 1872 1080 1949 ad
1105 1889 1308 1948 extremam
1327 1887 1558 1949 senectutem
1583 1901 1669 1950 non

454 1985 459 1994 ⁴
549 1991 673 2062 minue
705 1987 912 2090 dignitate,
944 2016 1056 2089 quam
1083 1990 1202 2093 gratia
1236 1987 1471 2093 fortunaque
1488 1990 1669 2092 crevisset

552 2102 703 2207 (multas
720 2105 819 2180 enim
835 2103 1060 2182 hereditates
1080 2104 1187 2180 nulla
1206 2103 1278 2184 alia
1292 2103 1470 2208 requam
1481 2103 1668 2197 bonitate,

473 2320 491 2330 ,.
505 2314 507 2316 ,
521 2235 608 2298 est
626 2222 881 2318 consecutus),
907 2237 1085 2324 tantaque
1103 2222 1354 2329 prosperitate
1379 2247 1467 2298 usus
1487 2239 1582 2300 esset
1599 2251 1668 2301 va·

338 2405 350 2412 ,
552 2339 746 2430 latudinis,
766 2355 810 2413 ut
828 2339 934 2412 annis
953 2340 1105 2441 triginta
1123 2337 1308 2413 medicina
1325 2364 1404 2415 non
1424 2337 1668 2443 indiguisset;

552 2473 687 2534 nactus
713 2472 769 2544 est
799 2454 994 2545 morbum,
1027 2480 1138 2557 quem
1160 2456 1271 2529 initio
1295 2469 1333 2528 et
1359 2457 1438 2558 ipse
1465 2473 1504 2532 et
1528 2455 1670 2534 medici

554 2589 882 2676 contempserunt:
904 2599 989 2646 nam
1007 2579 1191 2676 putarunt
1208 2597 1287 2648 esse
1305 2584 1511 2664 tenesmon,
1530 2577 1594 2649 cui
1609 2603 1671 2650 re-

553 2686 676 2762 media
695 2685 829 2762 celeria
848 2683 1048 2787 faciliaque
1069 2684 1450 2790 proponebantur.bt
1465 2687 1538 2763 hoc
1549 2713 1673 2785 quum

553 2789 633 2878 tres
652 2827 793 2878 menses
810 2802 890 2876 sine
911 2799 998 2875 ullis
1016 2799 1224 2890 doloribus,
1239 2816 1500 2902 praeterquam
1518 2827 1674 2900 quosex

554 2919 751 2993 curatione
779 2915 971 3019 capiebat,
990 2918 1299 3022 consumpsissem
1331 2914 1455 3010 subito
1483 2932 1589 2990 tanta
1614 2917 1672 2994 vis

586 3158 630 3226 (3)
655 3156 699 3208 Er
718 3157 813 3212 dtimis
830 3163 914 3212 torris.
930 3155 958 3211 id
982 3166 1037 3222 est,
1054 3166 1084 3210 ut
1134 3156 1231 3211 dicant.
1253 3160 1361 3210 Tse-
1386 3153 1486 3211 Nactus
1509 3169 1552 3211 est.
1578 3157 1674 3214 lisrior

554 3241 735 3311 interpretatur
749 3242 891 3304 Manutius,
905 3259 940 3296 en
950 3242 1082 3312 Aegyptoj
1134 3238 1196 3292 baec
1213 3240 1319 3305 locutio,
1344 3232 1408 3308 quae
1425 3247 1511 3292 tamen
1525 3239 1621 3313 passim
1642 3251 1676 3296 et

552 3322 597 3376 alii
615 3323 712 3395 legunt,
730 3325 787 3377 emat
802 3337 854 3378 tum
871 3323 909 3376 bis
925 3329 1005 3393 tar-riq
1023 3325 1084 3395 quis
1133 3322 1195 3376 alibi
1217 3324 1248 3376 ad
1266 3321 1333 3376 mals
1349 3324 1471 3377 refertur.
1491 3323 1533 3375 Sic
1555 3324 1676 3384 Straton.

485 3405 490 3414 ¹
551 3407 632 3462 bostis
644 3407 770 3460 iudicatus
785 3409 913 3461 Antonius
932 3407 1004 3463 ltalia
1025 3427 1084 3462 ces·
1133 3408 1161 3460 in
1179 3407 1259 3470 Tito,
1274 3407 1374 3480 febrim
1390 3423 1483 3464 metus.
1498 3410 1600 3461 Tss.-
1611 3409 1676 3464 Tea

550 3502 629 3558 καις
639 3491 684 3546 sed
697 3491 764 3552 banc
776 3491 915 3547 lectionem
924 3492 1013 3546 minus
1025 3512 1083 3565 pro·
1133 3507 1243 3544 mmor.
1259 3493 1419 3546 Graecorum
1436 3489 1573 3560 ηινισμός,
1586 3510 1671 3563 quem

550 3577 594 3630 bo.
612 3580 732 3632 conatu.
1131 3571 1170 3626 sic
1187 3572 1307 3627 describit
1322 3574 1411 3628 Celsus
1429 3576 1475 3640 tv,
1497 3577 1536 3628 td:
1553 3576 1606 3630 aln
1621 3576 1673 3630 boe

586 3663 630 3732 (r)
650 3663 731 3735 Qum
754 3675 846 3734 „prem
869 3675 894 3716 ιι
917 3666 1081 3734 septuaginta,
1133 3672 1213 3724 seque
1229 3666 1304 3725 atque
1322 3656 1350 3709 in
1367 3657 1521 3710 torminibus
1546 3657 1672 3730 frequens

549 3747 603 3813 Qui
616 3755 654 3800 est
665 3763 746 3798 annus
756 3746 934 3800 dimam-iem
947 3745 1084 3800 hebdoma-
1133 3739 1270 3792 desidendi
1282 3738 1409 3810 cupiditas
1424 3750 1474 3808 est,-
1488 3758 1570 3810 seque
1583 3739 1671 3806 dolor,

552 3827 623 3882 dicus
640 3847 764 3900 magnus,
786 3827 863 3884 dueta
887 3831 1030 3900 septenario
1055 3832 1083 3882 in
1133 3823 1178 3876 ubi
1202 3822 1301 3894 aliquid
1326 3822 1486 3880 excernitur,
1502 3816 1671 3878 Dese'endnnt

549 3909 688 3964 undecim:
724 3927 785 3962 nam
811 3911 985 3965 climactericis
1014 3911 1083 3964 viros
1135 3918 1221 3962 autem
1246 3908 1361 3978 pituitae,
1377 3910 1510 3980 mucisque
1527 3908 1670 3964 similia.»

549 3994 779 4062 praestantissimos
811 3995 953 4058 extinctos.
985 4003 1083 4050 veteres
1135 3992 1278 4057 Gallicqla
1290 3994 1673 4062 dyssenter·te.iilanutiusvere

549 4079 691 4130 memoriae
709 4087 924 4148 monumentaque
945 4076 1080 4132 declarant.
1134 4096 1165 4129 ex
1190 4077 1297 4147 Nepotis
1323 4078 1535 4150 subsequentibus
1562 4079 1673 4142 verbis,

549 4161 690 4214 Senorrrs.
705 4188 739 4204 -
758 4159 890 4230 Tantaque
907 4165 1079 4231 prosperitate.
1132 4164 1186 4213 sice
1209 4161 1268 4212 ultis
1293 4159 1427 4224 doloribus,
1451 4170 1586 4214 tenesmon
1614 4181 1673 4218 non

549 4243 634 4308 Quam
644 4242 750 4313 quidem
763 4261 947 4312 nonnunquam
961 4243 1081 4312 interpel·
1130 4244 1216 4308 luisse
1232 4245 1380 4306 auctoritate
1396 4243 1475 4310 Celsi,
1486 4243 1605 4298 affirmat.

548 4319 627 4377 latam
644 4325 732 4391 suine,
749 4326 879 4400 Ciceronis
899 4326 1017 4396 epistolae
1034 4327 1080 4384 ina
