3554 5798
436 532 544 636 ‘236‘
890 565 1112 658 tensurus

435 769 779 882 hostium'edventu
798 773 1006 878 perterriti,
1027 773 1074 850 ad
1090 771 1293 853 Thebanos
1312 774 1560 882 transfugere

434 887 587 978 vellent,
607 903 644 963 et
660 886 786 963 locum
807 905 913 964 extre
934 891 1066 989 urbem
1081 891 1222 968 editum
1237 893 1437 997 cepissent;
1456 897 1584 996 Age-⁸

436 1005 634 1108 silaus,qui
644 1009 998 1112 perniciosissimum
1012 1007 1094 1085 fore
1108 1009 1266 1100 videret,
1275 1011 1307 1086 si'
1317 1009 1558 1088 animadver-

436 1151 518 1200 sum
537 1140 647 1226 esset,
666 1149 894 1234 quemquam
921 1123 970 1198 ed
988 1125 1112 1202 hostes
1141 1125 1377 1229 transfugere
1394 1132 1558 1227 conari,

439 1268 523 1317 eum
543 1239 629 1318 suis*
646 1267 692 1318 eo
717 1244 832 1334 venit,
851 1259 976 1348 atque,
994 1261 1035 1318 ut
1061 1245 1091 1319 si
1109 1244 1209 1320 bono
1224 1247 1348 1321 animo
1367 1247 1558 1344 recinens,

436 1358 604 1438 laudavit
616 1358 1100 1461 consilium-eorum,quod
1128 1389 1212 1438 eum
1231 1361 1353 1437 locum
1373 1361 1560 1466 occupes-¹

438 1494 531 1574 eant,
552 1494 642 1554 etse
661 1477 699 1552 id
720 1503 874 1582 quoque
891 1477 973 1554 fieri
992 1479 1133 1556 debere
1153 1479 1472 1574 animadvertisse.
1491 1483 1557 1558 Sic

439 1592 738 1673 adolescentulos
752 1593 924 1670 simulata
939 1593 1156 1674 laudatione
1183 1594 1441 1702 recuperavit,
1460 1603 1475 1652 ⁵
1493 1616 1557 1692 et,

439 1714 623 1792 adiunctis
632 1711 680 1789 de
690 1713 983 1808 suiscomitibus,
995 1711 1122 1792 locum
1137 1732 1259 1790 tutum
1274 1716 1439 1814 reliquit3
1451 1741 1554 1790 naur-

385 1851 393 1858 ·
440 1859 517 1934 que
527 1830 594 1922 illi,
604 1848 715 1909 aucto
728 1858 886 1908 numero
902 1837 1054 1908 eorum⁶
1072 1835 1140 1936 qui
1151 1849 1325 1938 expertes
1343 1850 1553 1910 erentcon·

440 1947 525 2040 silii,
545 1974 777 2026 commovere
797 1975 836 2024 se
863 1975 942 2022 non
958 1965 1049 2042 punt
1076 1952 1176 2040 ausi,
1197 1976 1319 2052 eoque
1350 1949 1550 2043 libentiae,

441 2065 546 2170 quod
562 2065 678 2142 latere
688 2064 986 2158 arbitrabantur,
1005 2095 1099 2167 quae
1121 2071 1342 2172 cogitarent.

453 2265 456 2274 ,
491 2186 570 2260 VII.
591 2186 681 2262 Sine
701 2184 819 2263 dubio
831 2172 918 2292 ,pest
936 2188 1172 2276 Leuctricam
1190 2184 1352 2291 pugnim
1369 2180 1553 2278 Leeedae·

440 2305 556 2380 monii
581 2329 621 2378 se
640 2327 838 2408 nunquam
853 2305 1080 2396 refecerunt,
1099 2309 1109 2352 ¹
1132 2329 1257 2406 neque
1273 2305 1474 2408 pristinum
1484 2305 1552 2376 inr-

440 2421 588 2524 perium
612 2437 907 2526 recuperarunt:
940 2447 1059 2526 quum
1087 2421 1236 2495 iuterim
1263 2419 1556 2524 Agesilausnou

441 2537 595 2630 destitit,
615 2538 918 2642 quibuscumque
937 2537 1050 2614 rebus
1069 2545 1217 2640 posset,
1236 2542 1395 2639 petriam
1414 2541 1555 2618 iurare.

440 2626 532 2731 llam
547 2681 665 2757 quum
684 2657 886 2762 praecipue
905 2649 1190 2732 Lacedaemonii
1210 2655 1426 2760 indigerent
1444 2683 1556 2761 pecu·

417 2770 513 2863 ,nin
538 2769 604 2846 ille
630 2772 824 2864 omnibus,
850 2775 918 2875 qui
940 2797 1067 2876 aroge
1094 2769 1333 2865 defecerant,
1370 2775 1557 2879 praesidio

385 3014 389 3025 ¹
441 3039 513 3080 extra
525 3026 608 3080 urbem
628 3025 722 3080 editum
742 3029 870 3097 cepissent.
884 3027 972 3100 ‘Ionai-

441 3133 507 3186 ptor,
525 3112 611 3166 locutu
628 3113 759 3164 munitum
780 3103 976 3183 expugnatoque

443 3196 585 3264 diffieitem,
601 3195 646 3249 ubi
662 3197 759 3248 Dianae
774 3193 901 3266 tempium
920 3196 976 3248 suit.

414 3316 422 3332 .
442 3281 504 3336 Vid.
522 3281 589 3334 Plut.
605 3279 669 3334 ibid.
679 3311 710 3322 -
726 3278 787 3332 Cum
800 3281 848 3331 suis
861 3298 889 3332 eo
900 3281 974 3333 venit.

442 3365 592 3419 Plutarchus
605 3375 631 3418 et
647 3365 790 3436 Polyaenus
804 3363 917 3427 tradunt,
931 3383 975 3418 so·

444 3445 510 3510 lum,
524 3455 568 3502 aut
580 3464 640 3498 eum
654 3447 730 3500 unico
753 3463 835 3510 servo,
860 3455 886 3498 et
903 3446 974 3498 iuer·

442 3547 515 3582 mern
529 3549 559 3584 eo
572 3533 680 3596 venisse,
692 3531 833 3608 diuisitque
846 3527 985 3598 nonilluc,

442 3631 492 3668 net
503 3633 584 3668 unum
598 3616 625 3668 in
639 3615 840 3682 locunromues,
856 3611 901 3668 sed
913 3612 981 3677 elios,

443 3697 504 3764 hue,
517 3699 569 3752 alio
584 3698 641 3752 loeo
655 3697 839 3762 demonstrato,
857 3697 921 3752 elios
939 3695 974 3752 il·

443 3781 485 3835 luc
498 3783 639 3838 convenire
653 3781 742 3850 iustor3
758 3782 841 3852 ipsunt
854 3799 916 3835 vero
935 3784 973 3835 Is·

443 3869 551 3934 sotium,
565 3866 624 3921 aliie
644 3869 766 3922 contiuuo
783 3867 877 3930 accitis,
894 3885 972 3922 oecu-

443 3971 524 4024 paese.
539 3955 676 4007 Bours-
690 3953 912 4008 Animaduerttrre.
931 3953 975 4008 Dl·

443 4041 487 4108 xit,
504 4037 610 4093 eddidit.
953 4091 957 4098 ,

477 4125 519 4195 (⁵)
533 4123 704 4198 Recuperuvit.
717 4122 755 4180 Ex
770 4125 914 4198 transfugio
929 4139 974 4179 re·

444 4207 527 4262 traxit.
552 4208 703 4282 Recuperare
728 4219 815 4265 autern
833 4208 975 4266 notandum

445 4291 727 4359 &homiuibunut'in
747 4292 868 4369 Pelopida
885 4293 919 4346 V.
935 4296 974 4349 Etr

445 4370 503 4429 itti:
526 4372 698 4445 proditoribus
720 4374 886 4447 quindecim,
910 4379 974 4430 tttte

445 4455 588 4528 Plutarcho,
603 4457 708 4517 uenrtt.

1061 3031 1104 3098 (6)
1117 3025 1233 3100 Namque
1249 3029 1299 3092 tut,
1310 3042 1382 3082 aucto
1400 3048 1499 3082 tumere
1512 3049 1553 3084 eo·

1026 3121 1091 3178 rute,
1102 3121 1150 3165 ete.
1165 3115 1260 3165 Sensus
1277 3123 1325 3167 este
1338 3112 1380 3164 Illi
1390 3111 1478 3180 perfidi
1487 3113 1553 3165 nihil
1591 3173 1597 3182 ⁹

1027 3194 1092 3247 ultro
1118 3195 1205 3249 moliti
1233 3205 1302 3260 sunt,
1326 3211 1401 3264 quum
1429 3212 1552 3248 numerus

1027 3279 1164 3339 bonorum,
1178 3298 1224 3332 eeu
1238 3278 1336 3332 huiusce
1350 3276 1483 3348 transfugii
1499 3295 1553 3332 uun

1026 3364 1196 3426 consciorum,
1212 3365 1243 3418 its
1256 3371 1397 3436 augeretur,
1410 3379 1475 3432 quos
1489 3363 1553 3432 dge-

1026 3447 1102 3502 sileus
1124 3465 1155 3499 ex
1181 3447 1246 3500 urbe
1267 3467 1297 3500 eo
1313 3447 1425 3500 miseret.
1438 3475 1470 3489 -
1486 3445 1552 3516 Quae

1026 3536 1176 3603 cogitarunt.
1187 3533 1314 3604 Cogitate,
1323 3529 1429 3586 consilia
1439 3530 1471 3584 de
1479 3539 1556 3585 trent·

1025 3613 1102 3686 fugio.
1373 3617 1376 3624 '
1488 3670 1493 3678 ,
1549 3669 1556 3684 Ι

1060 3699 1104 3770 (t)
1119 3699 1154 3751 Se
1166 3699 1311 3772 reficerent.
1321 3697 1467 3754 Transletio
1475 3699 1507 3751 ab
1519 3685 1560 3768 iis,

1026 3783 1072 3856 qui
1093 3801 1107 3837 a
1131 3781 1247 3855 deliquio
1268 3791 1312 3835 eut
1329 3782 1402 3854 gravi
1425 3783 1560 3836 morbose

1025 3865 1196 3940 recolligunt,
1220 3877 1263 3921 aut
1288 3867 1356 3922 uires
1380 3875 1504 3938 reparent.
1520 3869 1556 3920 tte

1025 3952 1130 4022 Sallust,
1143 3955 1195 4007 Cet.
1213 3951 1329 4007 XLVIII:
1346 3971 1357 4004 u
1368 3955 1426 4022 Quo
1437 3961 1464 4005 et
1485 3958 1555 4002 cete-

1025 4057 1114 4096 rorum
1131 4039 1245 4110 ,animos
1275 4037 1428 4111 reficeretur
1454 4032 1553 4110 Propria
1620 4093 1624 4101 Ι

1025 4137 1083 4176 usus
1101 4129 1138 4178 est
1154 4123 1226 4200 virg.
1239 4120 1334 4196 θεοῖς.
1349 4119 1393 4194 ut,
1406 4121 1465 4174 23⁵·

1026 4284 1090 4348 Post
1114 4287 1155 4342 ebt
1178 4288 1307 4346 aeneum
1328 4283 1417 4354 νοῦν,
1429 4273 1432 4278 ’
1444 4283 1553 4353 utresque

1440 4363 1555 4442 resectae·
