3414 5796
603 495 797 556 averanus
891 587 893 592 ,
1166 468 1263 596 '257
1333 453 1338 466 ’

152 713 280 790 retur;
300 696 493 776 nonenim
512 697 587 774 hoc
606 683 812 774 convenire
827 699 1010 804 Antigoni
1028 700 1267 804 prudentiae,

151 817 260 892 utsic
283 813 504 892 deuteretur
522 818 537 866 ³
555 817 677 894 victo:
697 817 793 920 quin
813 823 881 891 eut
899 814 1074 909 interfici,
1097 828 1164 896 aut
1181 823 1267 898 tuis·
1304 863 1306 866 ·

152 957 234 1008 sum
254 929 336 1008 lieri
355 932 514 1007 iuberet.
542 933 613 1022 Hic
632 957 750 1036 quum
770 930 934 1010 ferocius
954 929 1195 1010 Onomarcho
1211 925 1267 1010 lo·

153 1052 222 1152 qui
242 1054 258 1100 4
275 1049 490 1126 videretur:
506 1081 532 1120 c<
541 1048 662 1148 Quid?
676 1066 730 1145 tu,
744 1049 881 1152 inquit,⁴
899 1052 1023 1128 animo
1042 1050 1072 1128 si
1090 1053 1268 1148 ismenus,

152 1191 228 1242 cur
236 1193 315 1241 non
333 1170 373 1240 in
389 1165 534 1273 praelio
560 1164 728 1244 cecidisti
746 1169 887 1272 potius,
909 1195 1022 1270 quam
1043 1167 1083 1243 in
1103 1185 1268 1274 potesta-

152 1298 226 1357 tem
242 1283 382 1358 inimici
396 1285 570 1361 venires?
582 1317 617 1378 »Α
632 1285 731 1358 Huic
748 1285 949 1390 Eumenes:
967 1319 993 1368 ,ει
1012 1283 1165 1361 Vtinam
1182 1286 1267 1390 qui·
1342 1325 1347 1336 ·

152 1397 237 1474 dem
255 1397 359 1474 istud
377 1401 579 1483 evenisset!
594 1397 828 1508 inquitpsed
845 1427 892 1477 eo
905 1427 981 1477 uon
996 1398 1144 1494 accidit,
1160 1397 1268 1506 quod

151 1541 348 1620 nunquam
367 1544 452 1594 cum
463 1517 623 1594 fortiore
633 1544 714 1594 suus
726 1541 958 1620 congressus.
972 1519 1056 1595 Non
1071 1519 1267 1594 enimcum
1364 1515 1367 1522 ’

132 1686 136 1696 ·
151 1660 346 1739 quoquam
363 1662 467 1711 arma
486 1619 644 1730 contuli,
659 1633 755 1738 quin
772 1637 802 1710 is
817 1633 905 1710 mihi
921 1633 1174 1712 succubuerit:
1187 1659 1268 1710 non

152 1753 249 1826 enim
259 1754 400 1828 virtute
409 1751 584 1844 hostium,
598 1752 661 1828 sed
672 1753 875 1827 amicorum
891 1749 1049 1855 perfidia
1059 1749 1182 1828 decidi
1202 1753 1267 1826 ⁵».

149 1868 283 1972 Neque
301 1867 340 1942 id
358 1867 494 1956 ¹falsum
511 1896 521 1942 ε
538 1895 626 1944 nam
643 1883 680 1942 et
696 1865 876 1970 dignitate
897 1869 913 1917 ⁶
931 1865 1006 1941 fuit
1023 1867 1203 1959 honesta,
1229 1883 1269 1941 er

151 1983 293 2063 viribus
307 1981 355 2059 ad
369 1977 539 2060 laborem
559 1981 757 2060 ferendum
776 1980 917 2073 firmus,
934 1983 1070 2084 'neque
1088 1997 1165 2056 tam
1185 2005 1267 2056 ma·

153 2128 228 2204 gno
245 2127 418 2204 corpore,
438 2099 549 2204 quim
568 2098 687 2202 figura
706 2115 874 2176 venusta.

201 2217 285 2316 XII.
298 2221 354 2294 De
370 2219 442 2294 hoc
462 2217 672 2320 Antigonus
684 2243 802 2321 quum
819 2213 922 2291 solus
937 2218 1168 2292 constituere
1187 2240 1267 2290 nou

91 2375 93 2378 ·
150 2333 327 2434 auderet,
357 2333 404 2409 ad
438 2332 661 2410 consilium⁴
683 2331 825 2409 retulit.
848 2333 932 2424 Hic,
952 2345 1068 2432 quum
1090 2331 1266 2436 plerique

145 2477 278 2528 omnes
294 2455 309 2502 ²
326 2455 451 2556 primo
478 2425 1008 2558 perturbatiadmirareutur,
1026 2473 1106 2524 non
1123 2449 1197 2520 iam
1216 2445 1265 2521 de

149 2583 392 2674 eosumpturu
409 2579 487 2644 esse
506 2563 745 2670 supplicium,
760 2588 869 2664 aquo
883 2577 940 2636 tot
958 2585 1080 2637 annos
1095 2557 1189 2636 adeo
1208 2585 1264 2634 es·
1352 2603 1354 2606 -

149 2701 232 2760 sent
248 2682 492 2784 malehabiti,
508 2698 552 2756 ut
566 2707 675 2790 saepe
691 2677 739 2754 ad
749 2676 1049 2782 desperationem
1061 2672 1264 2752 forentad·

182 2929 225 2998 (3)
237 2927 390 2982 Βωενιιιπ.
401 2927 451 2982 Pro
459 2925 612 2982 abuteretur.
620 2927 678 2980 Vuo
728 2932 793 2986 stae,
810 2918 901 2974 robore
915 2917 948 2972 ad
961 2915 1123 2989 fatigationes
1134 2917 1264 2974 sustineu-

148 3017 246 3066 tantum
260 3011 318 3066 MS.
326 3011 441 3084 legitur:
458 3012 495 3064 sie
507 3027 533 3064 se
546 3022 661 3064 ureretur.
689 3013 690 3018 ’
732 3005 776 3059 das
788 3004 876 3070 firmo,
890 3012 917 3057 et
927 3001 1016 3056 habitu
1030 3019 1084 3056 uou
1095 3010 1150 3078 tarn
1161 3011 1265 3076 migne,

180 3096 223 3164 (4)
233 3095 353 3150 Feroniam
368 3094 531 3149 Onomarcho
540 3093 618 3164 loqui.
632 3094 680 3146 Fe·
732 3104 811 3159 quam
827 3083 989 3155 congruenti.

146 3181 238 3233 rooiter
251 3179 397 3251 lopuildixit
408 3197 512 3250 quoque
518 3177 624 3244 Livius,
633 3176 679 3231 lib.
944 3215 950 3226 .
964 3216 969 3228 .
1091 3216 1095 3228 .

151 3263 185 3326 ll,
202 3267 281 3329 c.28;
289 3263 406 3335 serocim
422 3269 496 3330 vero,
506 3260 599 3332 passim
612 3259 680 3331 apud
765 3217 810 3284 (Ι)
820 3216 866 3268 Ad
878 3215 1010 3267 muham
1022 3215 1114 3268 mm
1135 3215 1262 3282 'mm'

148 3341 299 3397 Sallustium
317 3345 345 3396 iu
364 3341 473 3413 primis,
495 3360 525 3396 ac
540 3343 680 3405 Tacitum,

147 3443 194 3498 pru
207 3429 363 3498 arrogantum
375 3436 520 3498 usurpetur.
547 3469 551 3475 .

181 3512 225 3578 (5)
242 3507 295 3564 Sed
311 3515 446 3566 amicornm
457 3509 568 3580 perfidia
588 3509 679 3562 deatdt.
766 3500 808 3570 (2)
831 3497 956 3568 Plerique
971 3515 1068 3553 omnes.
1091 3497 1150 3550 Nou
1173 3513 1266 3552 omues

150 3590 179 3644 ld
193 3601 240 3657 est,
255 3591 289 3648 de
303 3612 360 3648 sues
373 3594 476 3648 fortuna
487 3592 601 3646 deiectus
614 3610 680 3645 suus.
733 3599 813 3653 “8⁰²
832 3598 894 3632 Μ
910 3582 1056 3634 Eumene·
1071 3589 1202 3634 matum
1215 3597 1266 3634 αι·

57 3661 62 3672 ’
151 3676 245 3730 Deeidi
256 3687 341 3731 sutem
351 3677 483 3750 diguitatis
493 3676 608 3746 plenum.
616 3667 682 3728 Con·
733 3666 835 3736 plebtnl
843 3662 972 3718 Nfflchm
983 3672 1010 3716 ⁶2
1019 3661 1266 3732 Dssffltffiffislttflltt!

150 3759 190 3812 ser
202 3759 234 3814 sd
246 3761 412 3817 Plutarchum
429 3763 526 3816 xvul,
733 3745 1016 3818 Antigonifilius,teste
1024 3743 1162 3799 Plutarcho
1168 3743 1265 3816 xym.

110 3825 114 3834 ’
184 3846 226 3916 (s)
243 3843 332 3916 Rq„
346 3847 375 3901 ,ῃ
383 3846 500 3918 satam:
517 3824 576 3898 ψ.
592 3855 616 3896 ee
636 3843 682 3895 dt-
707 3837 708 3844 ’
734 3831 851 3900 Pleume
867 3845 959 3882 osma.
972 3826 1147 3881 netleutsmus
1168 3825 1201 3890 ab
1215 3828 1268 3880 At·

149 3931 265 4000 geritote,
281 3938 331 3984 ctc.
347 3932 416 3984 Haec
429 3929 522 3984 ultime
535 3927 629 3994 uerba,
646 3927 682 3978 sit
733 3915 808 3986 fitlh
825 3913 872 3984 (1¹¹i
890 3909 1000 3972 “Mlti
1021 3911 1112 3973 πᾶνῒῑς
1134 3917 1266 3980 Qui·

150 4013 311 4079 Tmchueke.
324 4032 385 4069 oum
395 4013 519 4087 proximis
529 4031 583 4068 uon
596 4009 684 4066 cohae·
734 4027 768 4040 -·
782 3997 914 4051 Mflfimv'
925 3994 1000 4048 ‘lm
1017 3995 1190 4064 inwsoeltffl·
1206 3993 1269 4046 (2¹¹-

141 4107 225 4167 παις
244 4115 308 4164 uec,
331 4098 354 4152 si
377 4117 438 4152 nam
461 4095 625 4158 treusittoui.
645 4091 684 4146 uti
735 4094 820 4141 terum
843 4083 922 4138 scilic.
931 4093 958 4137 et
972 4079 1184 4164 Neoptolemum.
1200 4077 1268 4134 Vide

150 4182 246 4249 passim
260 4185 289 4236 iu
302 4181 443 4248 Cicerone,
455 4181 580 4236 inservire
594 4175 682 4232 volue·
736 4188 811 4242 suprs
823 4171 912 4225 IV.-
925 4167 959 4219 ln
968 4185 1017 4238 quo
1029 4183 1079 4218 uno
1091 4175 1153 4218 esset
1163 4174 1269 4260 matun.

99 4290 103 4298 ·
151 4262 257 4329 rimhuc
268 4264 365 4321 velent.
377 4295 411 4310 -
423 4263 685 4338 Digatemejirit,etc.
735 4255 789 4327 Qui
804 4272 872 4310 uuus
887 4261 990 4311 emtum
1006 4245 1280 4338 posset-'Negent'

153 4343 184 4401 ld
196 4355 248 4416 est,
258 4348 354 4402 lomus
370 4367 446 4419 supra
460 4347 594 4424 vulgarem
608 4363 686 4418 augu-
736 4339 880 4402 Molttlltt·

104 4429 107 4440 '
212 4475 215 4483 Δ
255 4432 344 4516 Con.
370 4436 462 4521 Nar.
1138 4419 1171 4492 R

731 3300 842 3354 verbum
865 3298 895 3352 in
915 3293 1014 3352 hac're
1035 3297 1161 3354 solemne.
1184 3297 1263 3355 Vnde

731 3383 840 3456 gallice,
858 3381 982 3456 [ι’[ἔνιη7
1081 3391 1083 3394 ’
1181 3373 1186 3385 ’
