<?xml version="1.0" encoding="UTF-8"?>
<!DOCTYPE html PUBLIC "-//W3C//DTD XHTML 1.0 Transitional//EN"
    "http://www.w3.org/TR/xhtml1/DTD/xhtml1-transitional.dtd">
<html xmlns="http://www.w3.org/1999/xhtml" xml:lang="en" lang="en">
 <head>
  <title>
</title>
<meta http-equiv="Content-Type" content="text/html;charset=utf-8" />
  <meta name='ocr-system' content='tesseract 3.04.00' />
  <meta name='ocr-capabilities' content='ocr_page ocr_carea ocr_par ocr_line ocrx_word'/>
</head>
<body>
  <div class='ocr_page' id='page_1' title='image "./corneliinepotis13nepogoog_0194.png"; bbox 0 0 3398 5640; ppageno 0'>
   <div class='ocr_carea' id='block_1_1' title="bbox 126 421 789 541">
    <p class='ocr_par' dir='ltr' id='par_1_1' title="bbox 126 421 789 541">
     <span class='ocr_line' id='line_1_1' title="bbox 126 421 789 541; baseline -0.006 -46"><span class='ocrx_word' id='word_1_1' title='bbox 126 433 220 541; x_wconf 70' lang='grc'>,198</span> <span class='ocrx_word' id='word_1_2' title='bbox 592 421 789 498; x_wconf 65' lang='lat' dir='ltr'><strong>Db&#39;l&#39;tlblds</strong></span> 
     </span>
    </p>
   </div>
   <div class='ocr_carea' id='block_1_2' title="bbox 120 631 1254 991">
    <p class='ocr_par' dir='ltr' id='par_1_2' title="bbox 120 631 1254 991">
     <span class='ocr_line' id='line_1_2' title="bbox 174 631 1254 742; baseline 0.008 -28"><span class='ocrx_word' id='word_1_3' title='bbox 174 635 239 714; x_wconf 86' lang='lat' dir='ltr'><strong>IV.</strong></span> <span class='ocrx_word' id='word_1_4' title='bbox 264 631 339 712; x_wconf 87' lang='lat' dir='ltr'><strong>Hic</strong></span> <span class='ocrx_word' id='word_1_5' title='bbox 356 635 659 740; x_wconf 82' lang='lat' dir='ltr'><strong>qnum&#39;maximo</strong></span> <span class='ocrx_word' id='word_1_6' title='bbox 685 633 811 714; x_wconf 88' lang='lat' dir='ltr'><strong>studio</strong></span> <span class='ocrx_word' id='word_1_7' title='bbox 831 639 842 687; x_wconf 87' lang='lat'><strong>⁴</strong></span> <span class='ocrx_word' id='word_1_8' title='bbox 863 649 1101 742; x_wconf 84' lang='lat' dir='ltr'><strong>compararet</strong></span> <span class='ocrx_word' id='word_1_9' title='bbox 1130 662 1254 723; x_wconf 80' lang='lat' dir='ltr'><strong>exer·</strong></span> 
     </span>
     <span class='ocr_line' id='line_1_3' title="bbox 122 751 1253 864; baseline 0.004 -32"><span class='ocrx_word' id='word_1_10' title='bbox 122 757 252 846; x_wconf 89' lang='lat' dir='ltr'><strong>citum,</strong></span> <span class='ocrx_word' id='word_1_11' title='bbox 270 752 563 859; x_wconf 73' lang='lat' dir='ltr'><strong>Aegyptumque</strong></span> <span class='ocrx_word' id='word_1_12' title='bbox 582 751 769 859; x_wconf 85' lang='lat' dir='ltr'><strong>proficisci</strong></span> <span class='ocrx_word' id='word_1_13' title='bbox 787 768 955 860; x_wconf 87' lang='lat' dir='ltr'><strong>pararet;</strong></span> <span class='ocrx_word' id='word_1_14' title='bbox 969 752 1095 832; x_wconf 82' lang='lat' dir='ltr'><strong>subito</strong></span> <span class='ocrx_word' id='word_1_15' title='bbox 1113 784 1137 834; x_wconf 90' lang='lat' dir='ltr'><strong>a</strong></span> <span class='ocrx_word' id='word_1_16' title='bbox 1153 783 1253 864; x_wconf 82' lang='lat' dir='ltr'><strong>rege</strong></span> 
     </span>
     <span class='ocr_line' id='line_1_4' title="bbox 120 866 1254 991; baseline 0.005 -46"><span class='ocrx_word' id='word_1_17' title='bbox 120 866 271 953; x_wconf 82' lang='lat' dir='ltr'><strong>littorea</strong></span> <span class='ocrx_word' id='word_1_18' title='bbox 285 884 374 948; x_wconf 90' lang='lat' dir='ltr'><strong>sunt</strong></span> <span class='ocrx_word' id='word_1_19' title='bbox 388 871 423 946; x_wconf 87' lang='lat' dir='ltr'><strong>ei</strong></span> <span class='ocrx_word' id='word_1_20' title='bbox 442 872 584 991; x_wconf 59' lang='lat' dir='ltr'><strong>missap</strong></span> <span class='ocrx_word' id='word_1_21' title='bbox 598 886 640 948; x_wconf 90' lang='lat' dir='ltr'><strong>ut</strong></span> <span class='ocrx_word' id='word_1_22' title='bbox 659 868 1078 978; x_wconf 73' lang='lat' dir='ltr'><strong>Aspimaggrederetur,</strong></span> <span class='ocrx_word' id='word_1_23' title='bbox 1094 876 1164 978; x_wconf 87' lang='lat' dir='ltr'><strong>qui</strong></span> <span class='ocrx_word' id='word_1_24' title='bbox 1179 875 1254 952; x_wconf 89' lang='lat' dir='ltr'><strong>Ca·</strong></span> 
     </span>
    </p>
   </div>
   <div class='ocr_carea' id='block_1_3' title="bbox 11 989 1255 3090">
    <p class='ocr_par' dir='ltr' id='par_1_3' title="bbox 121 989 1255 2161">
     <span class='ocr_line' id='line_1_5' title="bbox 122 989 1255 1097; baseline 0.002 -28"><span class='ocrx_word' id='word_1_25' title='bbox 122 992 287 1070; x_wconf 88' lang='lat' dir='ltr'><strong>taoniam</strong></span> <span class='ocrx_word' id='word_1_26' title='bbox 306 989 474 1080; x_wconf 87' lang='lat' dir='ltr'><strong>tenebat,</strong></span> <span class='ocrx_word' id='word_1_27' title='bbox 485 1015 582 1093; x_wconf 86' lang='lat' dir='ltr'><strong>quae</strong></span> <span class='ocrx_word' id='word_1_28' title='bbox 599 1015 691 1095; x_wconf 86' lang='lat' dir='ltr'><strong>gens</strong></span> <span class='ocrx_word' id='word_1_29' title='bbox 708 991 807 1067; x_wconf 88' lang='lat' dir='ltr'><strong>iacet</strong></span> <span class='ocrx_word' id='word_1_30' title='bbox 816 1016 933 1097; x_wconf 89' lang='lat' dir='ltr'><strong>supra</strong></span> <span class='ocrx_word' id='word_1_31' title='bbox 951 989 1135 1088; x_wconf 88' lang='lat' dir='ltr'><strong>Ciliciam,</strong></span> <span class='ocrx_word' id='word_1_32' title='bbox 1151 1018 1255 1071; x_wconf 83' lang='lat' dir='ltr'><strong>con·</strong></span> 
     </span>
     <span class='ocr_line' id='line_1_6' title="bbox 121 1105 1253 1217; baseline 0 -31"><span class='ocrx_word' id='word_1_33' title='bbox 121 1105 204 1186; x_wconf 85' lang='lat' dir='ltr'><strong>finis</strong></span> <span class='ocrx_word' id='word_1_34' title='bbox 220 1107 493 1217; x_wconf 73' lang='lat' dir='ltr'><strong>Cappadociae.</strong></span> <span class='ocrx_word' id='word_1_35' title='bbox 504 1109 806 1215; x_wconf 77' lang='lat' dir='ltr'><strong>Namquedspis,</strong></span> <span class='ocrx_word' id='word_1_36' title='bbox 817 1106 1020 1188; x_wconf 80' lang='lat' dir='ltr'><strong>saltuosam</strong></span> <span class='ocrx_word' id='word_1_37' title='bbox 1038 1110 1253 1216; x_wconf 88' lang='lat' dir='ltr'><strong>regionem,</strong></span> 
     </span>
     <span class='ocr_line' id='line_1_7' title="bbox 122 1222 1253 1335; baseline 0.003 -33"><span class='ocrx_word' id='word_1_38' title='bbox 122 1225 363 1334; x_wconf 73' lang='lat' dir='ltr'><strong>castellisque</strong></span> <span class='ocrx_word' id='word_1_39' title='bbox 392 1229 580 1304; x_wconf 81' lang='lat' dir='ltr'><strong>munitam</strong></span> <span class='ocrx_word' id='word_1_40' title='bbox 606 1222 800 1319; x_wconf 88' lang='lat' dir='ltr'><strong>incolens,</strong></span> <span class='ocrx_word' id='word_1_41' title='bbox 827 1251 908 1304; x_wconf 88' lang='lat' dir='ltr'><strong>non</strong></span> <span class='ocrx_word' id='word_1_42' title='bbox 941 1225 1065 1305; x_wconf 88' lang='lat' dir='ltr'><strong>solum</strong></span> <span class='ocrx_word' id='word_1_43' title='bbox 1083 1229 1253 1335; x_wconf 89' lang='lat' dir='ltr'><strong>imperio</strong></span> 
     </span>
     <span class='ocr_line' id='line_1_8' title="bbox 122 1342 1249 1453; baseline 0.001 -29"><span class='ocrx_word' id='word_1_44' title='bbox 122 1346 221 1453; x_wconf 85' lang='lat' dir='ltr'><strong>regis</strong></span> <span class='ocrx_word' id='word_1_45' title='bbox 239 1371 319 1425; x_wconf 88' lang='lat' dir='ltr'><strong>non</strong></span> <span class='ocrx_word' id='word_1_46' title='bbox 345 1343 521 1453; x_wconf 87' lang='lat' dir='ltr'><strong>parebat,</strong></span> <span class='ocrx_word' id='word_1_47' title='bbox 548 1343 616 1422; x_wconf 84' lang='lat' dir='ltr'><strong>sed</strong></span> <span class='ocrx_word' id='word_1_48' title='bbox 642 1345 755 1422; x_wconf 91' lang='lat' dir='ltr'><strong>etiam</strong></span> <span class='ocrx_word' id='word_1_49' title='bbox 779 1342 954 1423; x_wconf 84' lang='lat' dir='ltr'><strong>finitimas</strong></span> <span class='ocrx_word' id='word_1_50' title='bbox 982 1350 1154 1453; x_wconf 86' lang='lat' dir='ltr'><strong>regiones</strong></span> <span class='ocrx_word' id='word_1_51' title='bbox 1170 1375 1249 1425; x_wconf 76' lang='lat' dir='ltr'><strong>re·</strong></span> 
     </span>
     <span class='ocr_line' id='line_1_9' title="bbox 123 1462 1251 1570; baseline 0 -28"><span class='ocrx_word' id='word_1_52' title='bbox 123 1465 277 1558; x_wconf 78' lang='lat' dir='ltr'><strong>rabat,²</strong></span> <span class='ocrx_word' id='word_1_53' title='bbox 295 1480 345 1559; x_wconf 88' lang='lat' dir='ltr'><strong>et,</strong></span> <span class='ocrx_word' id='word_1_54' title='bbox 364 1491 461 1566; x_wconf 90' lang='lat' dir='ltr'><strong>quae</strong></span> <span class='ocrx_word' id='word_1_55' title='bbox 487 1465 569 1568; x_wconf 87' lang='lat' dir='ltr'><strong>regi</strong></span> <span class='ocrx_word' id='word_1_56' title='bbox 588 1478 855 1570; x_wconf 85' lang='lat' dir='ltr'><strong>portarentur,</strong></span> <span class='ocrx_word' id='word_1_57' title='bbox 884 1462 1105 1566; x_wconf 74' lang='lat' dir='ltr'><strong>abripiebat.</strong></span> <span class='ocrx_word' id='word_1_58' title='bbox 1128 1464 1251 1542; x_wconf 79' lang='lat' dir='ltr'><strong>Data·</strong></span> 
     </span>
     <span class='ocr_line' id='line_1_10' title="bbox 121 1578 1252 1686; baseline 0.001 -28"><span class='ocrx_word' id='word_1_59' title='bbox 121 1609 213 1676; x_wconf 88' lang='lat' dir='ltr'><strong>mes,</strong></span> <span class='ocrx_word' id='word_1_60' title='bbox 248 1585 319 1659; x_wconf 85' lang='lat' dir='ltr'><strong>etei</strong></span> <span class='ocrx_word' id='word_1_61' title='bbox 348 1580 463 1686; x_wconf 87' lang='lat' dir='ltr'><strong>longe</strong></span> <span class='ocrx_word' id='word_1_62' title='bbox 495 1582 626 1658; x_wconf 87' lang='lat' dir='ltr'><strong>aberat</strong></span> <span class='ocrx_word' id='word_1_63' title='bbox 644 1584 660 1632; x_wconf 83' lang='lat'><strong>³</strong></span> <span class='ocrx_word' id='word_1_64' title='bbox 678 1578 726 1657; x_wconf 89' lang='lat' dir='ltr'><strong>ab</strong></span> <span class='ocrx_word' id='word_1_65' title='bbox 744 1581 802 1657; x_wconf 89' lang='lat' dir='ltr'><strong>his</strong></span> <span class='ocrx_word' id='word_1_66' title='bbox 827 1582 1059 1685; x_wconf 79' lang='lat' dir='ltr'><strong>regionibus,</strong></span> <span class='ocrx_word' id='word_1_67' title='bbox 1075 1598 1114 1659; x_wconf 89' lang='lat' dir='ltr'><strong>et</strong></span> <span class='ocrx_word' id='word_1_68' title='bbox 1131 1610 1153 1657; x_wconf 91' lang='lat' dir='ltr'><strong>a</strong></span> <span class='ocrx_word' id='word_1_69' title='bbox 1172 1610 1252 1659; x_wconf 86' lang='lat' dir='ltr'><strong>ma·</strong></span> 
     </span>
     <span class='ocr_line' id='line_1_11' title="bbox 123 1695 1252 1802; baseline -0.002 -23"><span class='ocrx_word' id='word_1_70' title='bbox 123 1703 205 1779; x_wconf 89' lang='lat' dir='ltr'><strong>iore</strong></span> <span class='ocrx_word' id='word_1_71' title='bbox 225 1727 268 1775; x_wconf 89' lang='lat' dir='ltr'><strong>re</strong></span> <span class='ocrx_word' id='word_1_72' title='bbox 288 1696 593 1792; x_wconf 77' lang='lat' dir='ltr'><strong>abstrahdbatur,</strong></span> <span class='ocrx_word' id='word_1_73' title='bbox 622 1715 747 1773; x_wconf 89' lang='lat' dir='ltr'><strong>tamen</strong></span> <span class='ocrx_word' id='word_1_74' title='bbox 773 1700 872 1802; x_wconf 87' lang='lat' dir='ltr'><strong>regis</strong></span> <span class='ocrx_word' id='word_1_75' title='bbox 890 1695 1079 1789; x_wconf 82' lang='lat' dir='ltr'><strong>voluntati</strong></span> <span class='ocrx_word' id='word_1_76' title='bbox 1091 1726 1252 1795; x_wconf 61' lang='lat' dir='ltr'><strong>‚morem</strong></span> 
     </span>
     <span class='ocr_line' id='line_1_12' title="bbox 122 1813 1252 1922; baseline 0 -30"><span class='ocrx_word' id='word_1_77' title='bbox 122 1814 328 1922; x_wconf 86' lang='lat' dir='ltr'><strong>gerendum</strong></span> <span class='ocrx_word' id='word_1_78' title='bbox 339 1821 497 1920; x_wconf 80' lang='lat' dir='ltr'><strong>putarit.</strong></span> <span class='ocrx_word' id='word_1_79' title='bbox 521 1820 653 1921; x_wconf 87' lang='lat' dir='ltr'><strong>ltaque</strong></span> <span class='ocrx_word' id='word_1_80' title='bbox 673 1841 760 1892; x_wconf 91' lang='lat' dir='ltr'><strong>cum</strong></span> <span class='ocrx_word' id='word_1_81' title='bbox 779 1818 922 1920; x_wconf 82' lang='lat' dir='ltr'><strong>paucis,</strong></span> <span class='ocrx_word' id='word_1_82' title='bbox 939 1813 1006 1892; x_wconf 91' lang='lat' dir='ltr'><strong>sed</strong></span> <span class='ocrx_word' id='word_1_83' title='bbox 1023 1817 1113 1892; x_wconf 81' lang='lat' dir='ltr'><strong>viris</strong></span> <span class='ocrx_word' id='word_1_84' title='bbox 1133 1815 1252 1894; x_wconf 87' lang='lat' dir='ltr'><strong>forti·</strong></span> 
     </span>
     <span class='ocr_line' id='line_1_13' title="bbox 122 1931 1255 2038; baseline 0.001 -31"><span class='ocrx_word' id='word_1_85' title='bbox 122 1935 191 2008; x_wconf 75' lang='lat' dir='ltr'><strong>bus</strong></span> <span class='ocrx_word' id='word_1_86' title='bbox 210 1957 342 2010; x_wconf 84' lang='lat' dir='ltr'><strong>navam</strong></span> <span class='ocrx_word' id='word_1_87' title='bbox 364 1931 594 2020; x_wconf 84' lang='lat' dir='ltr'><strong>conscendit,</strong></span> <span class='ocrx_word' id='word_1_88' title='bbox 614 1936 839 2026; x_wconf 75' lang='lat' dir='ltr'><strong>existimans,</strong></span> <span class='ocrx_word' id='word_1_89' title='bbox 855 1932 895 2007; x_wconf 94' lang='lat' dir='ltr'><strong>id</strong></span> <span class='ocrx_word' id='word_1_90' title='bbox 904 1931 1012 2038; x_wconf 89' lang='lat' dir='ltr'><strong>quod</strong></span> <span class='ocrx_word' id='word_1_91' title='bbox 1029 1933 1179 2025; x_wconf 82' lang='lat' dir='ltr'><strong>accidit,</strong></span> <span class='ocrx_word' id='word_1_92' title='bbox 1190 1932 1255 2031; x_wconf 61' lang='grc' dir='ltr'><strong>ἕω,</strong></span> 
     </span>
     <span class='ocr_line' id='line_1_14' title="bbox 121 2045 1248 2161; baseline 0.002 -37"><span class='ocrx_word' id='word_1_93' title='bbox 121 2045 230 2125; x_wconf 89' lang='lat' dir='ltr'><strong>cilius</strong></span> <span class='ocrx_word' id='word_1_94' title='bbox 244 2075 282 2124; x_wconf 88' lang='lat' dir='ltr'><strong>se</strong></span> <span class='ocrx_word' id='word_1_95' title='bbox 293 2047 571 2154; x_wconf 82' lang='lat' dir='ltr'><strong>imprudentem</strong></span> <span class='ocrx_word' id='word_1_96' title='bbox 585 2077 699 2155; x_wconf 83' lang='lat' dir='ltr'><strong>parva</strong></span> <span class='ocrx_word' id='word_1_97' title='bbox 710 2077 824 2135; x_wconf 86' lang='lat' dir='ltr'><strong>manu</strong></span> <span class='ocrx_word' id='word_1_98' title='bbox 835 2076 1116 2161; x_wconf 72' lang='lat' dir='ltr'><strong>oppressurum,</strong></span> <span class='ocrx_word' id='word_1_99' title='bbox 1127 2075 1248 2153; x_wconf 89' lang='lat' dir='ltr'><strong>quam</strong></span> 
     </span>
    </p>

    <p class='ocr_par' dir='ltr' id='par_1_4' title="bbox 11 2165 1248 3090">
     <span class='ocr_line' id='line_1_15' title="bbox 40 2165 1246 2271; baseline 0.002 -30"><span class='ocrx_word' id='word_1_100' title='bbox 40 2188 47 2209; x_wconf 82' lang='lat'><strong>¹</strong></span> <span class='ocrx_word' id='word_1_101' title='bbox 119 2182 307 2271; x_wconf 85' lang='lat' dir='ltr'><strong>paratum,</strong></span> <span class='ocrx_word' id='word_1_102' title='bbox 319 2168 491 2268; x_wconf 84' lang='lat' dir='ltr'><strong>quamvis</strong></span> <span class='ocrx_word' id='word_1_103' title='bbox 509 2192 647 2270; x_wconf 84' lang='lat' dir='ltr'><strong>magno</strong></span> <span class='ocrx_word' id='word_1_104' title='bbox 663 2166 846 2243; x_wconf 81' lang='lat' dir='ltr'><strong>exercitu.</strong></span> <span class='ocrx_word' id='word_1_105' title='bbox 865 2167 946 2243; x_wconf 89' lang='lat' dir='ltr'><strong>Hac</strong></span> <span class='ocrx_word' id='word_1_106' title='bbox 967 2165 1113 2244; x_wconf 86' lang='lat' dir='ltr'><strong>delatus</strong></span> <span class='ocrx_word' id='word_1_107' title='bbox 1130 2167 1170 2240; x_wconf 92' lang='lat' dir='ltr'><strong>in</strong></span> <span class='ocrx_word' id='word_1_108' title='bbox 1180 2165 1246 2243; x_wconf 91' lang='lat' dir='ltr'><strong>Ci-</strong></span> 
     </span>
     <span class='ocr_line' id='line_1_16' title="bbox 11 2280 1247 2387; baseline 0.004 -31"><span class='ocrx_word' id='word_1_109' title='bbox 11 2294 13 2299; x_wconf 86' lang='lat'>&#39;</span> <span class='ocrx_word' id='word_1_110' title='bbox 119 2280 455 2386; x_wconf 66' lang='lat' dir='ltr'><strong>liciampegressus</strong></span> <span class='ocrx_word' id='word_1_111' title='bbox 474 2281 590 2376; x_wconf 85' lang='lat' dir='ltr'><strong>inde,</strong></span> <span class='ocrx_word' id='word_1_112' title='bbox 616 2281 696 2360; x_wconf 89' lang='lat' dir='ltr'><strong>dies</strong></span> <span class='ocrx_word' id='word_1_113' title='bbox 723 2289 962 2387; x_wconf 68' lang='lat' dir='ltr'><strong>noctesque*</strong></span> <span class='ocrx_word' id='word_1_114' title='bbox 979 2287 1055 2362; x_wconf 85' lang='lat' dir='ltr'><strong>iter</strong></span> <span class='ocrx_word' id='word_1_115' title='bbox 1079 2282 1247 2383; x_wconf 80' lang='lat' dir='ltr'><strong>inciens,</strong></span> 
     </span>
     <span class='ocr_line' id='line_1_17' title="bbox 120 2400 1247 2505; baseline 0.001 -31"><span class='ocrx_word' id='word_1_116' title='bbox 120 2401 289 2475; x_wconf 86' lang='lat' dir='ltr'><strong>Taurum</strong></span> <span class='ocrx_word' id='word_1_117' title='bbox 302 2402 451 2492; x_wconf 77' lang='lat' dir='ltr'><strong>transit,</strong></span> <span class='ocrx_word' id='word_1_118' title='bbox 469 2426 603 2500; x_wconf 79' lang='lat' dir='ltr'><strong>eoque,</strong></span> <span class='ocrx_word' id='word_1_119' title='bbox 622 2425 702 2502; x_wconf 89' lang='lat' dir='ltr'><strong>quo</strong></span> <span class='ocrx_word' id='word_1_120' title='bbox 719 2400 929 2491; x_wconf 83' lang='lat' dir='ltr'><strong>studuerat,</strong></span> <span class='ocrx_word' id='word_1_121' title='bbox 943 2404 1060 2479; x_wconf 84' lang='lat' dir='ltr'><strong>venit:</strong></span> <span class='ocrx_word' id='word_1_122' title='bbox 1081 2402 1247 2505; x_wconf 84' lang='lat' dir='ltr'><strong>quaerit,</strong></span> 
     </span>
     <span class='ocr_line' id='line_1_18' title="bbox 120 2515 1247 2624; baseline 0.002 -32"><span class='ocrx_word' id='word_1_123' title='bbox 120 2516 257 2620; x_wconf 88' lang='lat' dir='ltr'><strong>quibua</strong></span> <span class='ocrx_word' id='word_1_124' title='bbox 275 2515 368 2595; x_wconf 90' lang='lat' dir='ltr'><strong>locis</strong></span> <span class='ocrx_word' id='word_1_125' title='bbox 389 2521 436 2594; x_wconf 84' lang='lat' dir='ltr'><strong>sit</strong></span> <span class='ocrx_word' id='word_1_126' title='bbox 461 2520 592 2624; x_wconf 82' lang='lat' dir='ltr'><strong>Aspis:</strong></span> <span class='ocrx_word' id='word_1_127' title='bbox 620 2519 814 2620; x_wconf 78' lang='lat' dir='ltr'><strong>cognoscit</strong></span> <span class='ocrx_word' id='word_1_128' title='bbox 830 2515 935 2593; x_wconf 92' lang='lat' dir='ltr'><strong>haud</strong></span> <span class='ocrx_word' id='word_1_129' title='bbox 961 2517 1076 2620; x_wconf 85' lang='lat' dir='ltr'><strong>longe</strong></span> <span class='ocrx_word' id='word_1_130' title='bbox 1103 2516 1247 2615; x_wconf 84' lang='lat' dir='ltr'><strong>abesse,</strong></span> 
     </span>
     <span class='ocr_line' id='line_1_19' title="bbox 119 2628 1248 2738; baseline 0 -30"><span class='ocrx_word' id='word_1_131' title='bbox 119 2628 416 2738; x_wconf 79' lang='lat' dir='ltr'><strong>profectumque</strong></span> <span class='ocrx_word' id='word_1_132' title='bbox 436 2649 730 2725; x_wconf 78' lang='lat' dir='ltr'><strong>eumvenatum3</strong></span> <span class='ocrx_word' id='word_1_133' title='bbox 758 2661 871 2735; x_wconf 88' lang='lat' dir='ltr'><strong>quem</strong></span> <span class='ocrx_word' id='word_1_134' title='bbox 888 2634 979 2710; x_wconf 91' lang='lat' dir='ltr'><strong>dum</strong></span> <span class='ocrx_word' id='word_1_135' title='bbox 1005 2632 1248 2738; x_wconf 87' lang='lat' dir='ltr'><strong>speculatur,</strong></span> 
     </span>
     <span class='ocr_line' id='line_1_20' title="bbox 118 2748 1247 2854; baseline 0.003 -29"><span class='ocrx_word' id='word_1_136' title='bbox 118 2748 302 2827; x_wconf 83' lang='lat' dir='ltr'><strong>adventus</strong></span> <span class='ocrx_word' id='word_1_137' title='bbox 320 2754 400 2825; x_wconf 83' lang='lat' dir='ltr'><strong>eius</strong></span> <span class='ocrx_word' id='word_1_138' title='bbox 419 2776 532 2828; x_wconf 91' lang='lat' dir='ltr'><strong>causa</strong></span> <span class='ocrx_word' id='word_1_139' title='bbox 546 2750 801 2854; x_wconf 80' lang='lat' dir='ltr'><strong>cognoscitur.</strong></span> <span class='ocrx_word' id='word_1_140' title='bbox 820 2748 963 2826; x_wconf 85' lang='lat' dir='ltr'><strong>Pisidas</strong></span> <span class='ocrx_word' id='word_1_141' title='bbox 983 2753 1247 2852; x_wconf 84' lang='lat' dir='ltr'><strong>cumiis,qnos</strong></span> 
     </span>
     <span class='ocr_line' id='line_1_21' title="bbox 119 2864 1244 2973; baseline -0.001 -29"><span class='ocrx_word' id='word_1_142' title='bbox 119 2893 245 2945; x_wconf 88' lang='lat' dir='ltr'><strong>secum</strong></span> <span class='ocrx_word' id='word_1_143' title='bbox 272 2866 452 2959; x_wconf 86' lang='lat' dir='ltr'><strong>habebat,</strong></span> <span class='ocrx_word' id='word_1_144' title='bbox 470 2865 518 2942; x_wconf 89' lang='lat' dir='ltr'><strong>ad</strong></span> <span class='ocrx_word' id='word_1_145' title='bbox 549 2864 797 2944; x_wconf 86' lang='lat' dir='ltr'><strong>resistendum</strong></span> <span class='ocrx_word' id='word_1_146' title='bbox 829 2868 936 2970; x_wconf 83' lang='lat' dir='ltr'><strong>Aspis</strong></span> <span class='ocrx_word' id='word_1_147' title='bbox 963 2883 1168 2973; x_wconf 88' lang='lat' dir='ltr'><strong>comparat.</strong></span> <span class='ocrx_word' id='word_1_148' title='bbox 1195 2866 1244 2943; x_wconf 91' lang='lat' dir='ltr'><strong>ld</strong></span> 
     </span>
     <span class='ocr_line' id='line_1_22' title="bbox 115 2982 1244 3090; baseline 0.002 -32"><span class='ocrx_word' id='word_1_149' title='bbox 115 2983 290 3061; x_wconf 82' lang='lat' dir='ltr'><strong>Datames</strong></span> <span class='ocrx_word' id='word_1_150' title='bbox 312 2982 665 3078; x_wconf 66' lang='lat' dir='ltr'><strong>attaminarunt</strong></span> <span class='ocrx_word' id='word_1_151' title='bbox 683 2989 808 3075; x_wconf 88' lang='lat' dir='ltr'><strong>sumit,</strong></span> <span class='ocrx_word' id='word_1_152' title='bbox 821 3009 984 3089; x_wconf 84' lang='lat' dir='ltr'><strong>suosque</strong></span> <span class='ocrx_word' id='word_1_153' title='bbox 997 2987 1105 3090; x_wconf 85' lang='lat' dir='ltr'><strong>sequi</strong></span> <span class='ocrx_word' id='word_1_154' title='bbox 1123 2983 1244 3069; x_wconf 78' lang='lat' dir='ltr'><strong>iubet:</strong></span> 
     </span>
    </p>
   </div>
   <div class='ocr_carea' id='block_1_4' title="bbox 114 3295 1245 4383">
    <p class='ocr_par' dir='ltr' id='par_1_5' title="bbox 115 3295 1245 4125">
     <span class='ocr_line' id='line_1_23' title="bbox 146 3295 1245 3372; baseline -0.001 -18"><span class='ocrx_word' id='word_1_155' title='bbox 146 3301 196 3369; x_wconf 83' lang='lat' dir='ltr'><strong>(t)</strong></span> <span class='ocrx_word' id='word_1_156' title='bbox 209 3296 331 3353; x_wconf 73' lang='lat' dir='ltr'><strong>Maximo</strong></span> <span class='ocrx_word' id='word_1_157' title='bbox 348 3297 590 3362; x_wconf 77' lang='lat' dir='ltr'><strong>studio.1dest,ut</strong></span> <span class='ocrx_word' id='word_1_158' title='bbox 607 3297 653 3353; x_wconf 90' lang='lat' dir='ltr'><strong>Ci·</strong></span> <span class='ocrx_word' id='word_1_159' title='bbox 707 3297 774 3350; x_wconf 85' lang='lat' dir='ltr'><strong>aime</strong></span> <span class='ocrx_word' id='word_1_160' title='bbox 788 3295 905 3370; x_wconf 84' lang='lat' dir='ltr'><strong>loquitur</strong></span> <span class='ocrx_word' id='word_1_161' title='bbox 925 3299 1032 3366; x_wconf 88' lang='lat' dir='ltr'><strong>Cicero,</strong></span> <span class='ocrx_word' id='word_1_162' title='bbox 1050 3309 1076 3354; x_wconf 89' lang='lat' dir='ltr'><strong>et</strong></span> <span class='ocrx_word' id='word_1_163' title='bbox 1099 3301 1127 3354; x_wconf 88' lang='lat' dir='ltr'><strong>in</strong></span> <span class='ocrx_word' id='word_1_164' title='bbox 1151 3296 1245 3372; x_wconf 78' lang='lat' dir='ltr'><strong>primis</strong></span> 
     </span>
     <span class='ocr_line' id='line_1_24' title="bbox 116 3382 1242 3456; baseline -0.004 -15"><span class='ocrx_word' id='word_1_165' title='bbox 116 3397 177 3441; x_wconf 79' lang='lat' dir='ltr'><strong>cero</strong></span> <span class='ocrx_word' id='word_1_166' title='bbox 194 3401 253 3438; x_wconf 84' lang='lat' dir='ltr'><strong>eetn</strong></span> <span class='ocrx_word' id='word_1_167' title='bbox 265 3402 357 3437; x_wconf 82' lang='lat' dir='ltr'><strong>vocem</strong></span> <span class='ocrx_word' id='word_1_168' title='bbox 382 3383 578 3454; x_wconf 83' lang='lat' dir='ltr'><strong>interpretatur,</strong></span> <span class='ocrx_word' id='word_1_169' title='bbox 595 3398 655 3437; x_wconf 87' lang='lat' dir='ltr'><strong>cum</strong></span> <span class='ocrx_word' id='word_1_170' title='bbox 706 3382 807 3437; x_wconf 78' lang='lat' dir='ltr'><strong>Ctesec.</strong></span> <span class='ocrx_word' id='word_1_171' title='bbox 818 3411 853 3426; x_wconf 91' lang='lat'><em>-</em></span> <span class='ocrx_word' id='word_1_172' title='bbox 864 3383 1023 3455; x_wconf 71' lang='lat' dir='ltr'><strong>diripiebat.</strong></span> <span class='ocrx_word' id='word_1_173' title='bbox 1044 3383 1242 3456; x_wconf 78' lang='lat' dir='ltr'><strong>intercipiebat,</strong></span> 
     </span>
     <span class='ocr_line' id='line_1_25' title="bbox 115 3464 983 3537; baseline -0.003 -14"><span class='ocrx_word' id='word_1_174' title='bbox 115 3466 217 3523; x_wconf 79' lang='lat' dir='ltr'><strong>essidue</strong></span> <span class='ocrx_word' id='word_1_175' title='bbox 228 3478 255 3521; x_wconf 89' lang='lat' dir='ltr'><strong>et</strong></span> <span class='ocrx_word' id='word_1_176' title='bbox 268 3467 417 3523; x_wconf 80' lang='lat' dir='ltr'><strong>uehementi</strong></span> <span class='ocrx_word' id='word_1_177' title='bbox 429 3465 462 3520; x_wconf 86' lang='lat' dir='ltr'><strong>ad</strong></span> <span class='ocrx_word' id='word_1_178' title='bbox 474 3465 541 3520; x_wconf 81' lang='lat' dir='ltr'><strong>istud</strong></span> <span class='ocrx_word' id='word_1_179' title='bbox 555 3466 655 3520; x_wconf 87' lang='lat' dir='ltr'><strong>bellurn</strong></span> <span class='ocrx_word' id='word_1_180' title='bbox 706 3464 883 3537; x_wconf 80' lang='lat' dir='ltr'><strong>praedabatur.</strong></span> <span class='ocrx_word' id='word_1_181' title='bbox 976 3480 983 3493; x_wconf 91' lang='grc'><em>·</em></span> 
     </span>
     <span class='ocr_line' id='line_1_26' title="bbox 118 3549 1243 3626; baseline 0 -19"><span class='ocrx_word' id='word_1_182' title='bbox 118 3565 284 3623; x_wconf 77' lang='lat' dir='ltr'><strong>magnacum</strong></span> <span class='ocrx_word' id='word_1_183' title='bbox 301 3552 431 3624; x_wconf 83' lang='lat' dir='ltr'><strong>voluptate</strong></span> <span class='ocrx_word' id='word_1_184' title='bbox 440 3552 568 3625; x_wconf 83' lang='lat' dir='ltr'><strong>applicata</strong></span> <span class='ocrx_word' id='word_1_185' title='bbox 579 3570 654 3606; x_wconf 86' lang='lat' dir='ltr'><strong>occu·</strong></span> <span class='ocrx_word' id='word_1_186' title='bbox 742 3549 785 3620; x_wconf 82' lang='grc'><strong>(3)</strong></span> <span class='ocrx_word' id='word_1_187' title='bbox 798 3552 855 3606; x_wconf 78' lang='lat' dir='ltr'><strong>Etsi</strong></span> <span class='ocrx_word' id='word_1_188' title='bbox 866 3555 943 3626; x_wconf 76' lang='lat' dir='ltr'><strong>longe</strong></span> <span class='ocrx_word' id='word_1_189' title='bbox 955 3554 1049 3608; x_wconf 62' lang='lat' dir='ltr'><strong>obeat.</strong></span> <span class='ocrx_word' id='word_1_190' title='bbox 1060 3552 1161 3625; x_wconf 86' lang='lat' dir='ltr'><strong>Nempe</strong></span> <span class='ocrx_word' id='word_1_191' title='bbox 1170 3567 1243 3607; x_wconf 81' lang='lat' dir='ltr'><strong>exer-</strong></span> 
     </span>
     <span class='ocr_line' id='line_1_27' title="bbox 116 3633 1245 3710; baseline 0.002 -20"><span class='ocrx_word' id='word_1_192' title='bbox 116 3638 228 3709; x_wconf 83' lang='lat' dir='ltr'><strong>patlone&#39;.</strong></span> <span class='ocrx_word' id='word_1_193' title='bbox 244 3639 283 3691; x_wconf 75' lang='lat' dir='ltr'><strong>na</strong></span> <span class='ocrx_word' id='word_1_194' title='bbox 300 3637 450 3690; x_wconf 82' lang='lat' dir='ltr'><strong>inventione</strong></span> <span class='ocrx_word' id='word_1_195' title='bbox 464 3639 486 3705; x_wconf 90' lang='lat'><strong>1,</strong></span> <span class='ocrx_word' id='word_1_196' title='bbox 499 3640 540 3690; x_wconf 79' lang='lat'><strong>25.</strong></span> <span class='ocrx_word' id='word_1_197' title='bbox 559 3637 653 3690; x_wconf 78' lang='lat' dir='ltr'><strong>Graeci</strong></span> <span class='ocrx_word' id='word_1_198' title='bbox 705 3633 772 3688; x_wconf 70' lang='lat' dir='ltr'><strong>dt·</strong></span> <span class='ocrx_word' id='word_1_199' title='bbox 785 3636 906 3692; x_wconf 80' lang='lat' dir='ltr'><strong>adversus</strong></span> <span class='ocrx_word' id='word_1_200' title='bbox 919 3638 1063 3710; x_wconf 78' lang='lat' dir='ltr'><strong>Aegyptios</strong></span> <span class='ocrx_word' id='word_1_201' title='bbox 1079 3636 1245 3692; x_wconf 74' lang='lat' dir='ltr'><strong>contraheba-</strong></span> 
     </span>
     <span class='ocr_line' id='line_1_28' title="bbox 116 3719 1242 3798; baseline -0.001 -23"><span class='ocrx_word' id='word_1_202' title='bbox 116 3720 209 3779; x_wconf 86' lang='lat' dir='ltr'><strong>dicnnt</strong></span> <span class='ocrx_word' id='word_1_203' title='bbox 221 3722 289 3778; x_wconf 78' lang='grc' dir='ltr'><strong>κατὰ</strong></span> <span class='ocrx_word' id='word_1_204' title='bbox 302 3719 418 3782; x_wconf 76' lang='grc' dir='ltr'><strong><em>σπουδὴν</em></strong></span> <span class='ocrx_word' id='word_1_205' title='bbox 436 3732 462 3777; x_wconf 88' lang='lat' dir='ltr'><strong>et</strong></span> <span class='ocrx_word' id='word_1_206' title='bbox 484 3723 552 3778; x_wconf 80' lang='lat' dir='ltr'><strong>actui</strong></span> <span class='ocrx_word' id='word_1_207' title='bbox 569 3739 651 3777; x_wconf 71' lang='lat' dir='ltr'><strong>exoa·</strong></span> <span class='ocrx_word' id='word_1_208' title='bbox 705 3726 747 3771; x_wconf 83' lang='lat' dir='ltr'><strong>uu</strong></span> <span class='ocrx_word' id='word_1_209' title='bbox 758 3722 821 3798; x_wconf 63' lang='lat' dir='ltr'><strong>Aeg,</strong></span> <span class='ocrx_word' id='word_1_210' title='bbox 834 3739 879 3774; x_wconf 83' lang='lat' dir='ltr'><strong>aen</strong></span> <span class='ocrx_word' id='word_1_211' title='bbox 891 3719 1049 3775; x_wconf 83' lang='lat' dir='ltr'><strong>Ptolemaide</strong></span> <span class='ocrx_word' id='word_1_212' title='bbox 1064 3722 1090 3775; x_wconf 93' lang='lat' dir='ltr'><strong>in</strong></span> <span class='ocrx_word' id='word_1_213' title='bbox 1105 3723 1242 3788; x_wconf 85' lang='lat' dir='ltr'><strong>Phoenice,</strong></span> 
     </span>
     <span class='ocr_line' id='line_1_29' title="bbox 115 3800 1242 3880; baseline -0.003 -19"><span class='ocrx_word' id='word_1_214' title='bbox 115 3803 170 3869; x_wconf 72' lang='lat' dir='ltr'><strong>dria.</strong></span> <span class='ocrx_word' id='word_1_215' title='bbox 185 3807 507 3879; x_wconf 67' lang='lat' dir='ltr'><strong>Emer—legrptuoiqne</strong></span> <span class='ocrx_word' id='word_1_216' title='bbox 517 3808 654 3880; x_wconf 67' lang='lat' dir='ltr'><strong>proficicet.</strong></span> <span class='ocrx_word' id='word_1_217' title='bbox 706 3800 774 3856; x_wconf 85' lang='lat' dir='ltr'><strong>unde</strong></span> <span class='ocrx_word' id='word_1_218' title='bbox 785 3815 872 3873; x_wconf 74' lang='lat' dir='ltr'><strong>poetes</strong></span> <span class='ocrx_word' id='word_1_219' title='bbox 888 3803 1001 3857; x_wconf 79' lang='lat' dir='ltr'><strong>incursio</strong></span> <span class='ocrx_word' id='word_1_220' title='bbox 1017 3805 1083 3858; x_wconf 83' lang='lat' dir='ltr'><strong>fecte</strong></span> <span class='ocrx_word' id='word_1_221' title='bbox 1095 3817 1134 3857; x_wconf 80' lang='lat' dir='ltr'><strong>est</strong></span> <span class='ocrx_word' id='word_1_222' title='bbox 1147 3805 1174 3857; x_wconf 90' lang='lat' dir='ltr'><strong>in</strong></span> <span class='ocrx_word' id='word_1_223' title='bbox 1186 3808 1242 3858; x_wconf 81' lang='lat' dir='ltr'><strong>Ae·</strong></span> 
     </span>
     <span class='ocr_line' id='line_1_30' title="bbox 116 3878 1241 3965; baseline 0.001 -19"><span class='ocrx_word' id='word_1_224' title='bbox 116 3890 222 3965; x_wconf 73' lang='lat' dir='ltr'><strong>Altaque</strong></span> <span class='ocrx_word' id='word_1_225' title='bbox 235 3890 446 3964; x_wconf 77' lang='lat' dir='ltr'><strong>praepositione,</strong></span> <span class='ocrx_word' id='word_1_226' title='bbox 465 3878 493 3945; x_wconf 80' lang='lat' dir='ltr'><strong>dt</strong></span> <span class='ocrx_word' id='word_1_227' title='bbox 505 3896 534 3944; x_wconf 86' lang='lat' dir='ltr'><strong>fit</strong></span> <span class='ocrx_word' id='word_1_228' title='bbox 547 3894 651 3964; x_wconf 75' lang='lat' dir='ltr'><strong>passim.</strong></span> <span class='ocrx_word' id='word_1_229' title='bbox 704 3894 824 3957; x_wconf 71' lang='lat' dir='ltr'><strong>gyptum·</strong></span> <span class='ocrx_word' id='word_1_230' title='bbox 847 3885 916 3942; x_wconf 84' lang='lat' dir='ltr'><strong>Vide</strong></span> <span class='ocrx_word' id='word_1_231' title='bbox 935 3885 1045 3941; x_wconf 88' lang='lat' dir='ltr'><strong>Diodor.</strong></span> <span class='ocrx_word' id='word_1_232' title='bbox 1062 3880 1127 3949; x_wconf 66' lang='lat' dir='ltr'><strong>xv,</strong></span> <span class='ocrx_word' id='word_1_233' title='bbox 1145 3895 1187 3940; x_wconf 78' lang='lat'><strong>⁴⁴·</strong></span> <span class='ocrx_word' id='word_1_234' title='bbox 1206 3916 1241 3931; x_wconf 92' lang='lat'><em>-</em></span> 
     </span>
     <span class='ocr_line' id='line_1_31' title="bbox 115 3967 1238 4040; baseline -0.004 -15"><span class='ocrx_word' id='word_1_235' title='bbox 115 3999 148 4016; x_wconf 92' lang='lat'>-</span> <span class='ocrx_word' id='word_1_236' title='bbox 161 3972 241 4026; x_wconf 71' lang='lat' dir='ltr'><strong>Inoa.</strong></span> <span class='ocrx_word' id='word_1_237' title='bbox 260 3973 314 4028; x_wconf 81' lang='lat' dir='ltr'><strong>stu</strong></span> <span class='ocrx_word' id='word_1_238' title='bbox 330 3981 377 4028; x_wconf 82' lang='lat' dir='ltr'><strong>eet.</strong></span> <span class='ocrx_word' id='word_1_239' title='bbox 394 3973 471 4029; x_wconf 87' lang='lat' dir='ltr'><strong>Conl.</strong></span> <span class='ocrx_word' id='word_1_240' title='bbox 485 3972 517 4025; x_wconf 83' lang='lat' dir='ltr'><strong>ad</strong></span> <span class='ocrx_word' id='word_1_241' title='bbox 527 3971 652 4037; x_wconf 61' lang='lat' dir='ltr'><strong>ffimotlt.</strong></span> <span class='ocrx_word' id='word_1_242' title='bbox 705 3971 733 4023; x_wconf 81' lang='lat' dir='ltr'><em>A</em></span> <span class='ocrx_word' id='word_1_243' title='bbox 747 3971 842 4021; x_wconf 80' lang='lat' dir='ltr'><strong>maiore</strong></span> <span class='ocrx_word' id='word_1_244' title='bbox 855 3987 891 4023; x_wconf 83' lang='lat' dir='ltr'><strong>re.</strong></span> <span class='ocrx_word' id='word_1_245' title='bbox 903 3971 925 4023; x_wconf 80' lang='grc' dir='ltr'><strong>Α</strong></span> <span class='ocrx_word' id='word_1_246' title='bbox 937 3967 1006 4022; x_wconf 89' lang='lat' dir='ltr'><strong>bello</strong></span> <span class='ocrx_word' id='word_1_247' title='bbox 1018 3969 1158 4040; x_wconf 79' lang='lat' dir='ltr'><strong>Aegyptio,</strong></span> <span class='ocrx_word' id='word_1_248' title='bbox 1168 3968 1238 4035; x_wconf 90' lang='lat' dir='ltr'><strong>quod</strong></span> 
     </span>
     <span class='ocr_line' id='line_1_32' title="bbox 119 4049 1000 4125; baseline -0.006 -14"><span class='ocrx_word' id='word_1_249' title='bbox 119 4058 155 4125; x_wconf 90' lang='lat' dir='ltr'><strong>ll,</strong></span> <span class='ocrx_word' id='word_1_250' title='bbox 169 4061 231 4112; x_wconf 74' lang='lat' dir='ltr'><strong>ml.</strong></span> <span class='ocrx_word' id='word_1_251' title='bbox 363 4096 372 4115; x_wconf 88' lang='lat'><strong>,</strong></span> <span class='ocrx_word' id='word_1_252' title='bbox 399 4066 418 4107; x_wconf 76' lang='lat'>0</span> <span class='ocrx_word' id='word_1_253' title='bbox 705 4051 873 4106; x_wconf 77' lang='lat' dir='ltr'><strong>ientostudio</strong></span> <span class='ocrx_word' id='word_1_254' title='bbox 889 4049 1000 4121; x_wconf 73' lang='lat' dir='ltr'><strong>parabat.</strong></span> 
     </span>
    </p>

    <p class='ocr_par' dir='ltr' id='par_1_6' title="bbox 114 4131 1238 4383">
     <span class='ocr_line' id='line_1_33' title="bbox 151 4131 1236 4213; baseline -0.006 -21"><span class='ocrx_word' id='word_1_255' title='bbox 151 4143 196 4210; x_wconf 81' lang='lat'><strong>(2)</strong></span> <span class='ocrx_word' id='word_1_256' title='bbox 205 4139 341 4195; x_wconf 70' lang='lat' dir='ltr'><strong>Faoitimce</strong></span> <span class='ocrx_word' id='word_1_257' title='bbox 353 4145 471 4213; x_wconf 79' lang='lat' dir='ltr'><strong>regiones</strong></span> <span class='ocrx_word' id='word_1_258' title='bbox 480 4139 595 4195; x_wconf 78' lang='lat' dir='ltr'><strong>vexabat.</strong></span> <span class='ocrx_word' id='word_1_259' title='bbox 605 4142 652 4195; x_wconf 83' lang='lat' dir='ltr'><strong>Po·</strong></span> <span class='ocrx_word' id='word_1_260' title='bbox 738 4135 781 4204; x_wconf 83' lang='grc'><strong>(4)</strong></span> <span class='ocrx_word' id='word_1_261' title='bbox 793 4135 857 4188; x_wconf 75' lang='lat' dir='ltr'><strong>Das</strong></span> <span class='ocrx_word' id='word_1_262' title='bbox 873 4146 1012 4207; x_wconf 61' lang='lat' dir='ltr'><strong>occupa.</strong></span> <span class='ocrx_word' id='word_1_263' title='bbox 1029 4136 1067 4188; x_wconf 82' lang='lat' dir='ltr'><strong>lte</strong></span> <span class='ocrx_word' id='word_1_264' title='bbox 1079 4133 1159 4189; x_wconf 89' lang='lat' dir='ltr'><strong>etiam</strong></span> <span class='ocrx_word' id='word_1_265' title='bbox 1175 4131 1236 4187; x_wconf 84' lang='lat' dir='ltr'><strong>Sal·</strong></span> 
     </span>
     <span class='ocr_line' id='line_1_34' title="bbox 116 4220 1238 4296; baseline 0 -18"><span class='ocrx_word' id='word_1_266' title='bbox 116 4221 262 4294; x_wconf 72' lang='lat' dir='ltr'><strong>pdebame,</strong></span> <span class='ocrx_word' id='word_1_267' title='bbox 274 4225 465 4280; x_wconf 84' lang='lat' dir='ltr'><strong>ineureionibus</strong></span> <span class='ocrx_word' id='word_1_268' title='bbox 477 4245 506 4280; x_wconf 86' lang='lat' dir='ltr'><strong>ec</strong></span> <span class='ocrx_word' id='word_1_269' title='bbox 521 4225 652 4296; x_wconf 59' lang='lat' dir='ltr'><strong>&amp;reptio-</strong></span> <span class='ocrx_word' id='word_1_270' title='bbox 703 4220 803 4288; x_wconf 71' lang='lat' dir='ltr'><strong>lortius,</strong></span> <span class='ocrx_word' id='word_1_271' title='bbox 811 4238 860 4278; x_wconf 86' lang='lat' dir='ltr'><strong>net</strong></span> <span class='ocrx_word' id='word_1_272' title='bbox 868 4221 988 4287; x_wconf 70' lang='lat' dir='ltr'><strong>nonulli.</strong></span> <span class='ocrx_word' id='word_1_273' title='bbox 999 4221 1089 4279; x_wconf 72' lang='lat' dir='ltr'><strong>llerim</strong></span> <span class='ocrx_word' id='word_1_274' title='bbox 1100 4220 1155 4281; x_wconf 78' lang='lat' dir='ltr'><strong>dies</strong></span> <span class='ocrx_word' id='word_1_275' title='bbox 1167 4230 1238 4296; x_wconf 80' lang='lat' dir='ltr'><strong>post·</strong></span> 
     </span>
     <span class='ocr_line' id='line_1_35' title="bbox 114 4305 816 4383; baseline -0.001 -16"><span class='ocrx_word' id='word_1_276' title='bbox 114 4305 194 4367; x_wconf 62' lang='lat' dir='ltr'><strong>{libb}</strong></span> <span class='ocrx_word' id='word_1_277' title='bbox 208 4309 321 4383; x_wconf 59' lang='grc' dir='ltr'><strong>ΜΝ</strong></span> <span class='ocrx_word' id='word_1_278' title='bbox 338 4308 486 4380; x_wconf 68' lang='lat' dir='ltr'><strong>lusttllbel,</strong></span> <span class='ocrx_word' id='word_1_279' title='bbox 499 4311 538 4370; x_wconf 84' lang='lat' dir='ltr'><strong>ull</strong></span> <span class='ocrx_word' id='word_1_280' title='bbox 553 4310 652 4381; x_wconf 60' lang='lat' dir='ltr'><strong>Milli·</strong></span> <span class='ocrx_word' id='word_1_281' title='bbox 702 4305 816 4381; x_wconf 83' lang='lat' dir='ltr'><strong>ponitur.</strong></span> 
     </span>
    </p>
   </div>
   <div class='ocr_carea' id='block_1_5' title="bbox 0 0 1704 5640">
    <p class='ocr_par' dir='ltr' id='par_1_7' title="bbox 0 0 1704 5640">
     <span class='ocr_line' id='line_1_36' title="bbox 0 0 1704 5640; baseline 0 1"><span class='ocrx_word' id='word_1_282' title='bbox 0 0 1704 5640; x_wconf 95' lang='lat' dir='ltr'><strong> </strong></span> 
     </span>
    </p>
   </div>
  </div>
 </body>
</html>
