3398 5640
688 424 951 525 tntcuunra
1300 418 1393 516 363

295 708 304 727 .
336 690 364 726 <t
380 655 582 748 Hannibal,
600 655 672 730 hoc
691 637 839 747 audito,
853 658 898 730 ad
916 682 995 747 eos,
1011 656 1077 758 qui
1100 654 1267 749 aderant,
1283 656 1397 747 Nihil,

236 796 240 805 '
287 767 421 872 inquit,
438 774 569 874 utique
586 773 804 873 Diisninvitis
823 769 902 845 lieri
921 789 1065 875 potest;
1096 788 1323 875 sumptoque
1349 771 1397 878 dc

286 886 455 966 Numidis
474 885 674 990 supplicio,
692 887 834 963 nullam
855 906 1051 992 praeterea
1069 888 1115 962 de
1143 887 1310 962 Marcelli
1339 915 1397 961 re·

285 1003 412 1107 liquiis
432 1001 649 1105 colligendis
676 1030 805 1080 curam
822 1005 980 1095 habuit;
1006 1024 1049 1078 ut
1067 1008 1132 1107 qui
1150 1007 1220 1080 Dei
1239 1003 1397 1079 alicuius

284 1121 440 1193 nurnine
469 1118 650 1194 Marcello
681 1120 784 1195 hunc
817 1123 956 1196 exitum
981 1123 1097 1212 vitae,
1123 1129 1161 1195 et
1179 1119 1397 1224 sepulturae

286 1234 531 1334 privationem
562 1239 613 1309 ita
632 1255 781 1340 praeter
801 1240 967 1313 omnium
988 1241 1204 1340 opinionem
1234 1239 1397 1310 evenisse

287 1349 469 1425 crederet.
495 1351 597 1424 Haec
607 1351 806 1428 Cornelius
821 1353 945 1457 Nepos
966 1372 1003 1426 et
1025 1352 1193 1426 Valerius
1213 1355 1398 1427 Maximus

287 1481 456 1556 narrant,
465 1467 838 1571 LiuiusetAugustus
851 1469 1000 1559 Caesar,
1011 1466 1195 1571 perlatam
1214 1466 1261 1540 ad
1281 1465 1399 1541 filium

286 1572 457 1656 Marcelli
477 1608 624 1671 urnam,
650 1597 688 1657 et
701 1582 903 1774 honorke
922 1584 1087 1687 sepultas
1109 1562 1189 1658 eids
1207 1582 1399 1685 reliquias,
1500 1590 1503 1595 ’

287 1698 540 1802 perhibent.»
565 1699 752 1773 Plutarch.
770 1707 809 1774 in
892 1701 992 1802 rcell.
1011 1727 1091 1800 cap.
1114 1699 1174 1773 bo.
1485 1680 1499 1711 ⁹

339 1814 491 1912 Ἀννίβαν
511 1813 545 1888 δὲ
562 1815 765 1916 Μάρκελλος,
787 1817 831 1903 ’ὡς
848 1815 906 1914 pb
925 1815 1036 1917 οἱπερὶ
1058 1815 1219 1914 Πολύβιον
1238 1814 1400 1913 λέγουσιν,

289 1928 360 2006 οὐδὲ
397 1927 482 2018 ἅπαξ
508 1927 659 2008 ἐνίκησεν·
696 1933 766 2004 ata‘
794 1929 952 2018 αι’ττητος
977 1925 1060 2034 ἀνὴρ
1090 1928 1174 2005 douai
1202 1925 1398 2027 διαγενέσθαι

289 2047 384 2148 μέχρι
405 2045 590 2132 Σκιπίωνος.
617 2055 718 2144 Ημεῐς
745 2043 780 2120 δὲ
804 2045 920 2149 Λιβίῳ,
947 2046 1085 2148 Καίσαρι
1113 2044 1166 2120 καί
1187 2044 1326 2135 Νέπωτι,
1346 2041 1400 2117 καί

290 2171 351 2234 τῶν
378 2164 562 2241 Ελληνικῶν
581 2171 624 2264 τῷ
640 2161 869 2265 βασιλεῖίίὲᾳ
893 2162 1091 2261 πιστεύομεν,
1118 2160 1218 2248 ἥττας
1243 2159 1332 2246 τινὰς
1346 2155 1399 2233 καί

289 2278 408 2378 τροπὰς
434 2275 493 2353 aiud
520 2274 711 2378 Mupurlltao
730 2285 800 2351 asir
818 2275 876 2352 νῦν
904 2277 1038 2380 Ἀννίβᾳ
1056 2278 1071 2329 ³
1090 2275 1248 2374 poledae

299 2434 302 2439 ·
338 2424 364 2461 c<
390 2392 638 2466 Hannibalem
669 2391 951 2490 Marcellus,ut
977 2392 1153 2496 Polybius
1183 2397 1325 2482 narrat,
1351 2414 1400 2461 ne

289 2507 399 2581 semel
422 2507 574 2608 quidem
590 2509 696 2596 vicit;
716 2506 782 2583 sed
801 2508 959 2584 invictus
977 2509 1039 2582 hic
1058 2509 1113 2582 vir
1126 2505 1238 2579 fuisse
1252 2502 1402 2579 videtur

288 2616 478 2723 usquead
497 2622 721 2722 Scipionem.
738 2623 814 2698 Nos
831 2620 953 2697 autem
979 2623 1098 2716 Livio,
1125 2637 1162 2694 et
1179 2619 1338 2707 Caesari,
1364 2632 1403 2690 et
1433 2642 1436 2647 ·

287 2740 438 2840 Nepoti,
457 2740 705 2815 etexGraecis
722 2739 967 2844 scriptoribus
979 2741 1057 2840 regi
1074 2732 1401 2824 {obaccredimus,

290 2851 487 2979 aliqpoties
506 2852 756 2953 Hwnibalem
777 2882 797 2928 a
816 2853 997 2928 Marcello
1012 2858 1150 2931 victum
1162 2868 1198 2926 et
1219 2854 1259 2924 in
1276 2849 1403 2951 sugam

287 2974 434 3047 'versum
445 2990 521 3044 esse
532 3001 568 3043 ν.
580 2969 777 3043 Plutarch.
790 2977 831 3043 in
850 2995 967 3069 comp.
984 2969 1112 3068 Pelop.
1127 2985 1162 3040 et
1176 2963 1303 3041 Marc.
1318 2988 1349 3039 c.
1371 2990 1401 3037 1.

341 3086 390 3159 X.
409 3083 607 3161 Cornelius
639 3082 789 3187 Nepos,
813 3088 879 3185 qui
896 3084 975 3163 ,diri
1000 3085 1159 3184 Augusti
1185 3083 1403 3185 principatu

290 3197 403 3288 obiit,
417 3226 534 3297 quum
548 3199 741 3288 scriberet,
759 3199 891 3274 turdos
909 3197 1022 3299 paulo
1050 3213 1138 3273 ante
1164 3212 1318 3298 coeptos
1345 3222 1403 3269 sa·

289 3317 424 3414 ginari,
444 3314 604 3406 addidit,
621 3317 781 3389 ciconias
807 3318 921 3419 magis
950 3313 1113 3418 placere,
1133 3341 1245 3413 quam
1273 3337 1403 3413 grues;

291 3456 408 3531 quum
434 3429 527 3505 haec
545 3457 648 3505 nunc
676 3427 749 3504 ales
768 3433 868 3504 inter
895 3435 1033 3533 primas
1060 3444 1272 3532 expetatur,
1301 3425 1403 3499 illam

288 3572 380 3642 rero
399 3574 509 3622 nemo
537 3545 626 3621 velit
653 3548 825 3677 attigisse.
849 3547 998 3621 Plinius
1020 3545 1070 3634 X,
1092 3549 1151 3620 23.

342 3660 453 3758 Apud
478 3664 654 3763 antiquos
683 3662 842 3762 piscium
868 3658 1120 3733 nobilissimus
1154 3655 1302 3730 habitus
1328 3654 1403 3727 aci·

291 3765 462 3880 penset...
485 3795 613 3881 postea
634 3775 873 3880 praecipuam
893 3775 1152 3849 auctoritatem
1171 3772 1284 3847 fuisse
1304 3769 1398 3871 lupo

326 4108 368 4175 (3)
381 4109 438 4159 Τῶν
452 4124 499 4160 aar
513 4107 618 4176 Δννίὸᾳ.
634 4106 729 4160 Mirum
743 4105 791 4160 boc
809 4122 824 4158 ι
874 4102 1027 4179 Hannibale,
1041 4120 1096 4174 cap.
1109 4104 1131 4154 V
1144 4111 1170 4156 et
1185 4103 1231 4166 Vl,
1243 4101 1313 4156 bunc
1324 4101 1408 4176 impe·

292 4182 393 4253 ttepou
409 4190 549 4260 scriptum,
578 4208 659 4260 quum
675 4207 768 4263 supra,
795 4192 825 4245 in
874 4200 984 4244 tutorem
997 4188 1124 4245 invictum
1138 4188 1221 4244 iaciat.
1233 4190 1289 4241 Bos.
