3528 5780
449 533 554 657 428.
903 561 1128 627 rxcvnsvs

447 767 530 834 thofii.
539 765 695 838 emendatio,
703 783 781 840 quem
794 767 893 822 Stsver.
906 765 986 822 modo
998 765 1141 837 proposuit,
1153 763 1235 820 sudu
1248 763 1377 822 est.V.ot.
1389 765 1580 840 itsppiicsisirr

448 853 478 908 iu
495 853 563 923 Opp.
579 851 654 916 meis,
670 869 729 923 pap.
744 854 802 906 tot.
818 851 887 905 Ioco
910 869 961 904 nore
977 853 1043 903 enim
1064 853 1130 904 virt.
1154 849 1241 903 lorssn
1259 848 1313 922 legi
1324 858 1427 920 potest:
1449 855 1500 906 ism
1514 873 1578 908 sense

448 939 549 988 vienus.
561 935 630 988 Dein
643 935 665 988 si
679 933 809 988 Eumenes
826 934 952 1005 ‹tigrusuo
967 931 1068 986 humus
1082 930 1162 1008 luisse
1178 929 1280 998 dicitur,
1297 931 1382 1003 Nepos
1395 933 1510 988 iudicare
1522 935 1578 992 viu

450 1017 526 1072 detur
543 1017 656 1070 sormam
669 1017 784 1088 corporis
797 1015 930 1091 eximism,
947 1033 1024 1086 suprs
1040 1012 1186 1086 vulgarem,
1211 1023 1344 1087 augustam
1358 1024 1384 1068 et
1401 1033 1578 1086 generosam,

452 1099 489 1154 its
503 1108 533 1152 ut
544 1095 659 1154 mascula
676 1096 721 1153 ille
736 1097 841 1170 viroque
863 1097 943 1169 digna
957 1096 1161 1167 pulchritudine,
1173 1095 1353 1151 membrorum
1367 1105 1497 1152 structura
1512 1098 1577 1153 vnl-

451 1189 543 1253 tueque
550 1179 686 1250 splendore
698 1181 879 1242 reverentiam,
887 1189 923 1243 et,
938 1179 1035 1234 viribus
1048 1178 1251 1250 corporisfirmis
1259 1179 1438 1236 secedentibus
1449 1181 1576 1238 timorem

450 1262 572 1316 inliceret
584 1259 739 1316 edversario.
752 1261 794 1314 Sic
808 1260 837 1312 in
845 1258 928 1314 Dione
941 1261 962 1324 1,
976 1277 998 1316 e.
1013 1263 1040 1320 ².
1052 1259 1138 1314 laudet
1149 1277 1270 1332 magnam
1283 1264 1396 1331 eorporis
1408 1263 1574 1332 dignitatem.

451 1425 581 1480 heroicam
592 1427 706 1497 corporis
727 1422 934 1497 magnitudinem
950 1423 1037 1488 suine,
1049 1422 1140 1493 uliquis
1155 1423 1336 1501 suspiceretur.
1353 1425 1427 1478 ouius
1447 1425 1579 1482 beneficio

453 1509 628 1564 adversarium
642 1509 755 1577 vicisset,
768 1505 867 1561 addidit
875 1507 971 1578 Nepos,
984 1525 1062 1578 neqse
1078 1521 1131 1562 sam
1148 1505 1206 1575 (vel
1220 1506 1298 1571 sorte,
1313 1525 1390 1579 neque
1405 1520 1489 1562 sauses
1505 1513 1579 1578 uss)

454 1611 488 1647 m.
500 1613 523 1646 o.
541 1613 567 1664 q.
578 1592 609 1664 s
622 1609 684 1646 vers.
704 1592 773 1644 liaeo
791 1591 971 1660 interpretatio
990 1588 1011 1642 si
1030 1587 1129 1660 placet,
1144 1587 1213 1642 nihil
1230 1587 1326 1655 deesse,
1350 1591 1489 1660 omniaque
1506 1591 1579 1645 Ικῐιο

451 1673 588 1728 cohortere
603 1673 731 1727 videmus.
745 1673 868 1744 Dignius
879 1671 992 1736 honorem
1004 1668 1031 1725 h.
1045 1689 1068 1724 c.
1077 1669 1193 1741 pulchro,
1207 1689 1272 1742 quse
1291 1671 1417 1724 honorem
1435 1682 1513 1743 stqnc
1523 1675 1579 1728 esi·

452 1757 625 1811 stimationem
639 1765 719 1828 porat,
735 1773 780 1808 me
793 1773 846 1808 uon
858 1772 950 1826 seque,
963 1771 992 1808 se
1004 1755 1195 1826 Heusingerum
1208 1752 1325 1808 offendit.
1337 1753 1411 1806 Adde
1422 1754 1543 1819 Bosiurn,
1550 1765 1579 1809 et

453 1837 533 1892 indic.
551 1838 703 1910 Heusinger.
724 1837 799 1890 Harl.
822 1837 890 1890 Haec
903 1835 992 1902 verba,
1007 1855 1083 1906 neque
1098 1837 1128 1890 id
1141 1836 1397 1906 saluom-venusta,
1415 1854 1481 1908 quse
1498 1839 1579 1890 ileu-

452 1922 550 1991 singer.
558 1918 645 1974 delere
657 1917 746 1990 iubet,
761 1919 796 1972 oh
810 1917 919 1973 rationes
932 1920 961 1972 in
974 1917 1071 1972 Horles.
1085 1917 1208 1990 Opuscul.
1221 1919 1284 1970 varii
1298 1915 1578 1989 erg.allatss,rciioerc

453 2019 508 2056 non
524 2020 635 2072 possum
648 2003 742 2055 Pateor
765 2002 885 2072 quidem,
900 2020 932 2054 ex
945 2001 1030 2056 alieno
1048 2005 1106 2056 loco
1119 2001 1201 2072 posita
1215 2000 1307 2056 videri.
1329 2002 1365 2054 At
1387 2001 1580 2072 interpretibus

453 2080 538 2136 irsudi
554 2083 604 2136 luit
626 2101 693 2147 nom,
706 2099 771 2152 quse
784 2083 884 2139 reroh.
896 2080 915 2138 l.
929 2085 968 2136 uti
985 2081 1052 2154 spud
1075 2082 1185 2136 Florum
1203 2085 1236 2144 11.
1251 2101 1282 2146 rr,
1303 2091 1328 2152 ⁷,
1345 2092 1372 2135 et
1391 2083 1485 2154 passim
1507 2083 1579 2154 opud

454 2163 542 2220 Vsler.
561 2164 668 2220 Maxim.
682 2162 806 2237 aliosqup,
824 2182 879 2219 non
890 2173 931 2220 est
939 2164 1087 2220 coniunctio
1102 2164 1216 2232 causalis,
1229 2164 1274 2219 sed
1290 2165 1441 2220 transitioni
1455 2165 1579 2224 inservit.

455 2245 528 2302 Nihil
542 2262 604 2320 ergo
617 2245 780 2302 mutandum.
794 2245 877 2318 Kspp.

489 2411 601 2465 Puocsos
620 2411 668 2477 tv,
681 2430 708 2482 p.
723 2414 782 2466 266.
791 2408 965 2481 Emplytesus.
975 2412 1077 2466 Primus
1083 2409 1224 2484 Louqolius
1235 2411 1376 2483 suspicatus
1392 2420 1433 2466 est
1445 2413 1581 2484 Nepotem

448 2487 497 2547 'hic
515 2493 615 2564 lspsum
629 2511 694 2556 esse,
705 2491 868 2564 quodminus
884 2491 983 2546 curiose
998 2493 1110 2548 Grsecos
1123 2493 1224 2546 codices
1236 2492 1384 2564 inspexisset
1396 2498 1597 2566 vertissetqnq-

455 2595 516 2630 nam
533 2595 564 2629 er
577 2573 691 2628 Aristide
707 2582 801 2645 patere,
818 2573 847 2626 in
859 2573 965 2627 Graecis
978 2575 1124 2628 suctorihus
1136 2573 1263 2646 seriptum
1279 2575 1355 2628 fuisse
1369 2575 1528 2646 ippulo'm,
1545 2577 1578 2630 h.

455 2657 587 2717 estildis.
600 2659 676 2710 Hunc
683 2665 771 2729 postes
783 2654 885 2727 hisqius
898 2655 994 2730 sliique
1005 2658 1106 2727 sequuti
1118 2667 1188 2712 sunt.
1201 2655 1321 2711 Schottus
1329 2657 1440 2712 tentahst
1450 2657 1580 2729 Butppnq

456 2741 523 2793 hunc
537 2741 668 2793 enimuns
679 2756 739 2792 eum
752 2736 882 2792 Phocione
894 2738 985 2808 capitis
998 2737 1149 2794 demnatum
1161 2740 1250 2808 fuisse,
1269 2757 1284 2791 e
1299 2739 1433 2794 Plutarcho
1449 2738 1477 2792 in
1490 2737 1578 2797 Phe.

455 2832 483 2876 et
499 2820 682 2894 apophthegm.
697 2839 725 2874 so
738 2819 846 2873 Aeliano
855 2821 926 2888 Xlll,
940 2826 984 2886 42,
996 2831 1111 2891 oonstst;
1125 2840 1274 2895 quanquam
1291 2823 1357 2894 spud
1367 2821 1505 2878 helianum
1517 2840 1578 2878 non

459 2903 584 2969 Εὔιππος,
596 2901 642 2956 sed
654 2899 802 2965 Θούδιππος
817 2901 921 2974 legitur.
932 2902 984 2958 Sed
1007 2913 1150 2975 utrumque
1161 2902 1265 2975 longius
1276 2903 1330 2957 obit
1343 2922 1358 2958 s
1371 2904 1497 2975 scriptura
1518 2903 1579 2959 Nea

455 2987 533 3056 potis.
546 3003 623 3056 quom
638 2993 667 3037 ut
677 3001 751 3038 error
767 3001 799 3035 ex
812 2981 936 3038 affinitate
943 2993 1014 3039 ortus
1023 2983 1108 3038 videri
1123 2993 1208 3054 quest.
1222 2984 1363 3058 Euphylesi
1374 2984 1508 3038 cuiusdam
1520 3003 1581 3040 rne-

457 3066 535 3120 minit
546 3066 704 3130 Andocides,
716 3083 756 3118 or.
770 3063 922 3133 dempster.
937 3069 975 3136 (p.
985 3069 1025 3130 ⁴8,
1039 3066 1080 3120 ed.
1089 3066 1195 3136 krist),
1205 3069 1249 3136 qui
1261 3085 1293 3122 sn
1309 3065 1350 3120 hio
1363 3065 1453 3120 locum
1462 3067 1579 3140 reperire

457 3147 545 3220 possit,
559 3145 675 3200 viderint
689 3146 792 3200 eruditi.
810 3148 936 3202 Fortassis
946 3146 1015 3220 apud
1034 3146 1175 3202 Aristidem
1192 3167 1290 3203 nornen
1309 3148 1359 3202 viri
1375 3159 1532 3220 corruptum.
1548 3159 1576 3204 et

458 3231 486 3282 in
510 3227 695 3298 appellativum
719 3226 839 3291 transiit,
853 3247 934 3298 quum
947 3229 1001 3300 ipss
1020 3229 1162 3300 scripsisset
1181 3229 1316 3302 ippdisro'c
1327 3248 1378 3299 rufi
1391 3241 1436 3284 sut
1449 3231 1529 3301 Nepos
1540 3247 1575 3282 ex

458 3309 514 3362 aliis
528 3307 672 3360 suctorihus
688 3309 864 3363 uenationem
879 3329 952 3366 snam
969 3311 1071 3380 hausit3
1095 3322 1138 3364 eut
1151 3311 1263 3380 denique
1277 3313 1305 3365 iu
1324 3321 1459 3384 corruptos
1475 3309 1574 3365 codices

457 3389 555 3444 incidit
569 3389 644 3442 Certe
659 3399 711 3444 tom
725 3390 862 3446 oscitanter
873 3411 934 3446 eum
948 3393 1059 3446 Graecos
1073 3395 1209 3464 scriptores
1221 3401 1348 3461 tractasse,
1358 3396 1401 3448 vir
1412 3393 1577 3450 crediderim.

457 3474 518 3528 Bos.
537 3472 662 3544 Nepotem
676 3471 703 3526 h.
722 3471 740 3525 l.
758 3469 857 3541 lapsum
869 3493 933 3535 esse,
951 3475 1031 3527 etism
1044 3473 1141 3529 iudicet
1157 3474 1289 3547 Schlegel.
1306 3475 1357 3530 le.
1370 3495 1398 3548 p.
1409 3481 1449 3542 70.
1459 3477 1579 3548 Πινᾰὶρ-

454 3575 514 3630 pum
528 3554 669 3628 quemdam
686 3554 804 3609 nominet
819 3554 948 3610 Plutarch.
963 3559 989 3610 in
1008 3554 1085 3611 Phoc.
1104 3564 1146 3622 35,
1160 3557 1294 3622 intereos,
1309 3558 1425 3627 quicum
1443 3555 1582 3612 Phocione

457 3647 546 3704 erant,·
561 3647 587 3692 et
598 3644 673 3701 r.36‚
686 3636 719 3692 de
732 3637 841 3692 interitu
858 3636 929 3692 illius
946 3650 972 3694 et
984 3639 1119 3696 Phocionis
1130 3639 1207 3711 plura
1220 3641 1361 3693 memoriae
1375 3637 1494 3711 prodidit
1504 3639 1580 3695 Add.

456 3719 689 3776 Perinhnimsdv.
706 3719 800 3775 histor.
815 3738 840 3775 c.
853 3723 879 3785 9,
898 3740 922 3790 p.
936 3724 986 3776 tot
999 3741 1056 3796 sqq.
1069 3722 1111 3776 ed.
1125 3721 1280 3793 Altenhurq.
1294 3720 1421 3794 Equidem
1433 3739 1493 3776 cum
1504 3723 1580 3776 Tes-

455 3804 546 3856 chucts.
564 3820 616 3854 non
635 3799 711 3855 video
723 3819 769 3855 cur
782 3820 880 3855 nomeu
895 3821 955 3857 vere
972 3806 1107 3878 proprium
1125 3822 1178 3857 esse
1193 3813 1313 3876 nequest,
1332 3804 1399 3858 sorte
1420 3803 1448 3856 iu
1462 3803 1582 3874 pertibus

455 3883 611 3960 quibudam
624 3895 782 3956 corruptum.
790 3885 868 3938 Harl.

491 4038 628 4090 Truoosos
651 4033 704 4096 tv,
731 4051 770 4103 p..
784 4037 840 4086 273.
865 4033 1036 4102 Αὐτοματίας.
1060 4033 1118 4085 lior
1144 4031 1273 4104 templum
1296 4033 1454 4104 αὖτοματίας
1471 4031 1584 4090 ridetur·

458 4116 756 4172 divelleresententism
773 4113 983 4187 prsecedeutium
1002 4115 1152 4182 verborum
1169 4114 1214 4168 sed
1229 4116 1272 4169 vir
1289 4115 1376 4182 oredo,
1395 4117 1462 4169 hano
1480 4133 1584 4172 vorens

459 4195 508 4250 hoc
525 4195 582 4250 loco
596 4213 642 4266 per
648 4198 784 4266 J'orsuisum
798 4213 880 4248 ossum
893 4215 947 4248 esse
964 4195 1147 4266 explicandam.
1161 4197 1218 4248 Vox
1231 4195 1376 4266 αὐτόματον
1391 4213 1467 4266 saepe
1487 4213 1585 4268 oppo-

459 4278 531 4332 nitur
544 4277 578 4343 ei,
595 4277 664 4353 quod
681 4277 713 4330 sb
727 4275 884 4338 hominihus.
897 4277 952 4332 sive
965 4277 1134 4331 humanorum
1148 4295 1272 4332 munuum
1288 4295 1366 4349 opera
1380 4279 1475 4332 lmtum
1488 4289 1540 4344 ess,
1554 4291 1587 4336 et

427 4351 434 4365 ⁸
458 4373 507 4431 pro
523 4375 555 4412 eo
565 4361 683 4432 ponitur,
694 4357 767 4431 quod
779 4355 883 4414 divinae
899 4358 1075 4433 providentioe
1087 4359 1217 4441 originem
1229 4377 1302 4428 emm
1315 4359 1402 4416 dehet.
1413 4359 1460 4415 sto
1469 4358 1596 4432 Aeliam·
