3414 5796
386 293 400 328 ⁸
597 285 623 341 0

623 509 852 577 munuera
1203 488 1300 588 281
1380 521 1385 528 ·

191 721 390 816 abramii,
403 742 599 822 nunqnam
613 715 714 796 hosti
726 716 848 809 cessit,
859 739 983 820 neque
1002 717 1131 800 locum
1148 721 1314 804 nocendi

190 839 520 947 dedit3saepeque
546 833 753 958 contrario,
779 835 974 914 occasione
993 835 1093 936 deta,
1115 837 1313 941 lacessivit,

189 983 413 1064 semperque
426 955 604 1061 superior
629 951 820 1030 discessit:
846 978 926 1056 quo
944 953 1059 1049 facto,
1073 983 1193 1062 quum
1213 985 1311 1064 pene

189 1077 317 1156 omnia
343 1076 384 1152 in
396 1069 522 1150 Sicilia
548 1069 667 1148 Poeni
687 1070 908 1164 amisissent,
929 1067 994 1148 ille
1011 1073 1173 1176 Erycem
1187 1075 1314 1154 sicde·

164 1171 366 1284 ’tenffit,³
392 1205 437 1268 ut
461 1183 601 1264 bellum
636 1213 682 1265 eo
708 1184 797 1265 loco
826 1201 973 1292 gestum
999 1215 1078 1267 non
1104 1191 1312 1274 videretur.

187 1311 346 1388 Interim
371 1305 710 1407 Carthaginienses,
731 1301 848 1382 classe
866 1307 968 1412 apud
993 1306 1134 1386 insulas
1151 1315 1309 1413 Aegates

188 1454 213 1502 a
231 1428 270 1503 G
289 1425 441 1502 Lutatio
467 1420 626 1499 consule
651 1423 906 1501 Romanorum
932 1428 1112 1531 superati,
1131 1434 1148 1493 ⁴
1165 1442 1308 1505 statue·

188 1557 284 1620 runt
309 1539 402 1618 belli
419 1537 532 1618 tinem
557 1539 698 1632 facere,
719 1565 879 1642 eamque
899 1567 980 1618 rem
996 1543 1156 1621 arbitrio
1171 1546 1313 1648 permi-

191 1675 327 1744 serunt
343 1657 586 1736 Hamilcaris
599 1656 670 1734 Ille
696 1659 763 1734 etsi
781 1658 966 1764 flagrabat
990 1659 1160 1743 bellandi
1172 1664 1315 1769 cupidi·

190 1790 280 1873 tate,
297 1791 424 1854 tamen
442 1778 526 1882 paci
543 1771 785 1854 serviendum
798 1782 946 1884 putavit
956 1807 968 1870 ;
985 1782 1001 1833 ⁵
1019 1781 1123 1882 quod
1140 1783 1314 1891 petriam,

189 1894 411 1996 exhaustam
423 1892 648 1999 sumptibus,
665 1893 810 1972 diutius
827 1893 1077 1974 calamitatem
1103 1895 1195 1976 belli
1211 1896 1314 1976 ferre
1421 1965 1424 1972 .

191 2039 273 2092 non
297 2039 408 2119 posse
434 2011 689 2116 intelligebat:
715 2009 781 2088 scd
808 2015 872 2104 ita,
889 2016 1073 2092 utstatim
1093 2017 1313 2120 menteagi·

192 2145 307 2222 taret,
324 2131 354 2206 si
379 2127 536 2235 paulum
553 2127 669 2208 modo
686 2153 748 2206 res
765 2147 889 2208 essent
904 2130 1080 2230 refectae,
1092 2131 1237 2209 bellum
1250 2159 1313 2210 re-

192 2269 348 2344 novare,
356 2246 619 2354 Romanosque
627 2248 737 2323 armis
746 2246 1123 2353 persequi,donicum
1134 2263 1314 2326 autcerto

193 2363 381 2478 vicissent,
390 2366 556 2442 aut'victi
567 2391 698 2456 menos
707 2361 907 2444 dedissent.
922 2365 1004 2444 Hoc
1014 2366 1174 2444 consilio
1183 2391 1315 2472 pacem

193 2477 424 2559 conciliavit:
438 2483 480 2558 in
493 2508 568 2586 que
588 2485 605 2534 ⁶
624 2498 726 2572 tanta
745 2481 820 2560 tuit
838 2483 993 2576 ferocia,
1006 2500 1189 2587 ut,qunm
1202 2485 1314 2560 Catu·

191 2702 245 2753 rior
262 2699 383 2754 dimit.
398 2697 461 2753 Eius
480 2693 567 2770 itaque
588 2697 638 2750 hoe
659 2693 728 2751 bello
813 2698 856 2766 (5)
869 2696 938 2752 Pari
953 2699 1108 2752 molendum
1127 2703 1233 2770 proruit.
1250 2701 1271 2753 1.
1288 2718 1312 2756 e.

190 2781 350 2856 singularem
374 2781 525 2838 industriam
548 2791 575 2837 et
591 2781 724 2837 sortitndi·
778 2781 835 2854 paci
847 2780 980 2835 faciendae
991 2799 1097 2853 operam
1109 2780 1221 2836 dandam
1234 2792 1322 2866 pulv.

191 2883 254 2918 narn
272 2882 331 2919 cunt
348 2865 442 2920 eximia
458 2861 593 2935 prudentia
614 2863 725 2919 coniun-
778 2866 825 2920 vit.
845 2864 945 2936 Quibus
963 2875 1051 2920 autern
1064 2864 1257 2920 conditionibus
1270 2866 1313 2921 sa·
1383 2887 1395 2910 ο

191 2955 261 3002 curn
281 2947 410 3020 praedicat
434 2946 566 3002 Diodorus
583 2947 681 3012 XXIV,
697 2947 725 3001 in
776 2959 819 3004 cta
831 2951 925 3020 luerit,
947 2951 1008 3006 vide
1028 2951 1095 3024 apud
1118 2951 1266 3023 Polyfinm.
1279 2982 1312 2996 -

191 3035 325 3104 excerptis·
336 3031 511 3088 l’eireaciaoia.
736 3027 745 3048 ⁸
776 3033 915 3099 Doricum,
932 3033 1031 3100 donec3
1048 3035 1167 3106 antique,
1179 3044 1208 3088 ut
1222 3033 1250 3088 in
1262 3037 1313 3088 Ln-

227 3119 270 3187 (3)
288 3118 403 3188 Erycem
418 3122 455 3170 eia
470 3117 595 3190 defindit.
611 3115 669 3170 Non
693 3115 726 3172 de
777 3118 858 3171 cretio
871 3117 907 3183 ll,
927 3123 1003 3186 4444,
1016 3127 1044 3172 44
1055 3117 1139 3172 Plaut.
1151 3115 1240 3172 Aulul.
1258 3121 1279 3184 1,
1291 3127 1316 3188 4,

191 3209 282 3254 monte
302 3201 404 3272 Eryce,
425 3217 471 3254 aeu
495 3196 591 3254 vertice
613 3198 728 3266 montis,
779 3204 826 3254 ⁴6:
858 3202 908 3254 aSi
934 3201 1063 3272 carparis,
1079 3199 1202 3256 donicum
1218 3219 1269 3274 ego
1287 3211 1314 3258 te

152 3333 154 3338 ,
193 3283 229 3338 ait
239 3284 336 3352 Boaius,
344 3284 385 3340 cui
400 3283 645 3357 templumveneris
654 3288 725 3356 try·
775 3283 876 3342 iuuere
890 3286 1098 3343 =·.-Amvtat
1111 3305 1211 3342 manum
1223 3287 1315 3342 dedis·

192 3368 266 3424 eme
290 3367 481 3424 inaedificatum
510 3377 583 3435 erat,
611 3367 728 3440 loquitur
777 3382 837 3439 arat.
861 3368 970 3424 Locutio
995 3389 1009 3424 4
1035 3369 1222 3440 gladiatoribus
1241 3370 1315 3425 vietis

194 3460 291 3524 noster,
308 3471 398 3528 quem,
413 3463 439 3509 et
452 3451 565 3507 radicem
579 3452 676 3512 montis
689 3461 730 3508 te·
772 3440 865 3506 ducto.
881 3452 1015 3508 Cicereio
1031 3453 1230 3520 Consolatione,
1247 3452 1316 3526 apud
1339 3451 1344 3462 '

195 3536 294 3592 nebant
304 3537 432 3604 Romani5
448 3536 494 3592 sed
509 3535 541 3590 de
563 3535 643 3602 urbe,
660 3535 729 3590 inter
779 3537 951 3604 Iactantium,
969 3536 1018 3608 111,Ι
1034 3543 1086 3594 tt:
1113 3539 1314 3594 uVieturnaea

195 3619 326 3691 fastigium
334 3631 361 3677 44
370 3621 467 3676 radieea
479 3622 576 3677 mentia
585 3623 642 3688 sita,
652 3638 729 3692 quam
779 3623 883 3678 fortuna
895 3622 1005 3696 turpiter
1018 3629 1164 3678 confitetur.
1179 3621 1258 3682 Cedo.
1269 3621 1316 3678 in-

196 3705 327 3762 timitem
342 3719 526 3780 occupaverat,
541 3717 616 3779 atqua
633 3706 728 3763 adver·
779 3705 845 3778 quit,
856 3724 890 3765 en
903 3725 1010 3760 manum
1026 3705 1124 3762 tollor.
1140 3710 1179 3762 144
1199 3703 1315 3772 Gallice,

195 3809 240 3846 aua
251 3793 380 3846 Romanor
390 3791 507 3866 undique
516 3799 664 3865 prementes
673 3799 728 3844 tna·
778 3793 877 3845 doemer
893 3792 929 3844 tea
943 3792 1034 3846 maim,

196 3870 280 3930 sarm
296 3857 365 3933 tue
377 3877 464 3934 Petit.
478 3878 500 3944 1,
513 3881 556 3946 se,
575 3877 609 3944 u,
625 3883 650 3946 r,
667 3875 727 3929 mo·
816 3877 859 3944 (a)
876 3873 910 3926 n
928 3893 988 3946 qm.
1000 3873 1087 3930 seusa.
1100 3871 1269 3929 messanae.
1280 3901 1314 3918 .-

196 3961 292 4016 dorum
307 3959 445 4029 xx1V,t.
781 3955 895 4014 Feraria.
913 3960 1039 4014 Animosa
1054 3945 1135 4015 acilio.
1148 3957 1267 4013 elatione.
1280 3987 1314 4000 ι-

230 4047 274 4116 (4)
287 4041 732 4118 Superatiltlemoranthancvicto·
782 4041 894 4100 camtm.
918 4045 952 4114 Q.
971 4043 1057 4100 Lutat.
1078 4041 1201 4110 Catulus,
1224 4041 1314 4096 consul
1370 4035 1372 4040 ’

197 4129 265 4186 riam
282 4127 425 4202 Polybiou
440 4129 548 4185 Orosius
565 4129 669 4200 1V,ss;
687 4131 733 4185 Li·
784 4144 917 4192 romanos,
929 4126 973 4198 qui
987 4127 1121 4182 victoriam
1133 4134 1318 4200 reportaverat.
1321 4177 1335 4206 a

197 4213 258 4269 vius
270 4215 384 4288 Epium.
397 4215 471 4284 xlx,
483 4213 557 4268 Flor.
564 4215 588 4267 11
589 4254 600 4280 ,
610 4217 636 4286 23
646 4222 734 4270 auctor
783 4241 817 4254 -
826 4211 911 4266 Tanto
918 4213 1108 4285 {legitimum
1119 4221 1189 4269 tanta
1201 4211 1316 4282 14144414,

198 4295 233 4367 da
245 4297 313 4352 Viris
326 4296 422 4364 illust,
437 4297 559 4354 Valerius
571 4297 652 4370 Mam,
662 4298 732 4355 Am·
783 4297 955 4376 turpitudine.

199 4378 430 4464 4414414444.
448 4389 499 4447 ete,
