3528 5780
568 544 911 616 emorrannum
1217 520 1318 656 dp!

200 743 261 804 dam
275 747 303 805 in
319 747 410 807 moltis
424 747 534 806 anetorls
556 751 639 808 nostrl
658 749 723 808 locis
748 751 938 827 antiquitatus
961 751 1116 828 Spselmlals
1140 753 1199 813 lene
1214 754 1318 832 ahorne

199 830 324 886 exhibebo
341 832 536 890 observationes.

151 1009 153 1018 .
234 953 278 1008 lll·
300 952 423 1022 Quisquis
448 953 593 1012 litterarum
609 955 768 1012 Graecarum
784 975 838 1012 non
854 959 963 1012 omnino
978 973 1067 1030 expers
1089 965 1149 1024 eat,
1172 955 1317 1014 offendetur

197 1036 285 1092 atatim
299 1033 356 1090 loco
373 1033 420 1092 illo
433 1037 547 1094 Cornelii
561 1040 588 1094 in
602 1039 768 1111 praefatione:
789 1038 885 1098 sNulla
898 1037 1086 1096 Lacedaemoni
1100 1047 1153 1094 tam
1168 1047 1206 1094 est
1219 1036 1316 1094 nobilis

199 1133 211 1173 t
228 1116 318 1180 vidue,
331 1135 394 1190 quae
409 1137 462 1174 non
479 1119 510 1174 ad
524 1137 628 1178 scenam
645 1131 686 1176 eat
700 1121 819 1176 mercede
836 1122 991 1176 conducta.»
1007 1122 1120 1186 Scimus,
1138 1118 1313 1175 Lacedaemo·

194 1198 253 1263 pios
266 1217 281 1252 e
294 1197 353 1270 lege
371 1199 485 1274 Lycurgi
503 1200 570 1260 ludis
586 1205 694 1258 scenicis
710 1221 755 1257 seu
769 1201 933 1258 theatralibus
946 1205 1055 1258 omuino
1071 1199 1231 1258 abstinuisse.
1252 1201 1311 1258 Ms-

193 1266 281 1339 ssati
300 1289 360 1333 sunt
375 1279 424 1336 loci
437 1283 624 1354 Xenophontis,
638 1285 682 1356 qui
702 1283 837 1340 ismiliaris
854 1283 904 1340 fuit
921 1283 1045 1360 Agesilai,
1062 1293 1089 1338 et
1106 1281 1253 1348 Plutarchi,
1269 1279 1315 1358 qul

194 1370 301 1416 centum
319 1373 376 1434 post
402 1364 555 1422 Cornelium
583 1367 657 1420 annis
674 1366 786 1438 scripsit,
802 1385 960 1442 omnemque
985 1365 1079 1422 adimit
1105 1368 1315 1434 executionem,

194 1443 263 1497 hune
276 1463 328 1497 non
347 1444 378 1500 de
397 1447 534 1503 Pausaniae
549 1457 575 1502 et
590 1447 714 1520 Agesilai,
724 1446 769 1503 sed
786 1449 819 1505 de
832 1467 879 1503 suo
896 1449 976 1524 ipsius
993 1459 1111 1522 tempore
1128 1447 1210 1520 loqui,
1230 1465 1312 1519 quum

196 1528 314 1600 Lycurgi
331 1527 401 1600 leges
417 1530 470 1585 iam
487 1541 571 1588 essent
592 1532 731 1588 obsoletae.
745 1532 817 1588 Etsi
841 1549 966 1608 uuquam,
991 1539 1114 1616 corrupto
1138 1531 1176 1584 rei
1195 1520 1313 1602 publstae

194 1617 275 1686 statu,
290 1611 489 1668 Lacedaemonii
506 1613 576 1686 leges
591 1633 649 1668 suas
663 1613 725 1668 adeo
738 1611 917 1688 neglexerunt,
929 1623 957 1668 ut
976 1615 1067 1670 scenae
1083 1630 1188 1688 operam
1204 1611 1295 1665 darent
1303 1633 1314 1682 p

194 1710 240 1746 cur
258 1710 321 1762 prae
338 1696 429 1750 ceteris
447 1699 473 1750 in
492 1707 543 1750 tota
560 1695 670 1752 Graecia
677 1681 805 1766 leminis,
818 1696 1032 1752 Lacedaemoniae
1049 1695 1144 1750 viduae
1159 1693 1240 1750 nobili
1261 1695 1312 1749 tri-

195 1770 298 1836 buatur,
312 1776 381 1848 quod
396 1776 445 1830 nisi
458 1795 504 1848 per
514 1776 631 1831 fraudem
642 1775 707 1850 legis
716 1779 787 1832 ciues
801 1795 985 1850 nonnunquam
1000 1773 1132 1832 admisisse
1141 1773 1313 1848 suspicamur?

193 1854 316 1910 Mercede
328 1855 436 1912 conduci
451 1855 546 1926 ιοΙειιι,1
563 1862 609 1930 qui
627 1861 655 1914 in
673 1877 778 1914 aceram
790 1869 861 1925 eunt,
876 1868 905 1914 ut
918 1869 1000 1934 partes
1012 1876 1108 1932 nempe
1124 1863 1200 1932 agam
1216 1857 1244 1910 in
1265 1873 1313 1912 co·

193 1933 304 1999 moedis,
322 1955 375 1990 nora
389 1937 433 2010 qui
446 1939 482 1992 od
497 1956 609 2006 scenam,
627 1950 654 1994 ut
671 1950 795 2012 spectent.
818 1939 938 1999 Muneris
956 1959 1029 1994 causa
1044 1935 1188 2010 sumptibus
1205 1933 1314 2008 publicis

194 2015 222 2072 in
237 2017 297 2072 aliis
309 2017 435 2074 Graeciae
449 2017 555 2076 urbibus
566 2019 750 2078 eshibehsntur
768 2017 832 2090 ludi3
849 2021 894 2078 sed
908 2021 967 2096 quis
981 2017 1100 2076 mercede
1114 2017 1240 2074 conducet
1260 2037 1314 2090 sua,

195 2097 290 2172 quibus
302 2111 413 2174 spectare
427 2101 519 2175 volupe
531 2105 582 2160 est?
592 2104 710 2177 Effugere
723 2105 877 2176 interpretes
892 2107 977 2160 conati
994 2113 1054 2162 sant
1068 2101 1113 2160 laas
1129 2103 1313 2178 quaestiones,

195 2177 227 2238 td
246 2197 309 2254 quas
323 2181 365 2234 vir
382 2191 440 2250 apta
453 2183 591 2260 excogitari
605 2195 688 2258 potest
700 2185 843 2259 responsio,
857 2184 940 2242 tribus
959 2183 1052 2239 modis.
1071 2182 1136 2251 Alii,
1150 2183 1182 2240 ab
1198 2184 1237 2238 Ae
1267 2179 1314 2238 ilic

198 2257 284 2316 Probo
310 2261 424 2332 profecta
451 2261 518 2320 haee'
546 2265 622 2322 verba
650 2279 785 2340 putantes,
811 2278 945 2333 asserunt,
971 2277 1100 2322 auctorem
1128 2285 1182 2323 nou
1208 2265 1225 2319 d
1277 2263 1314 2320 tto

194 2359 259 2398 auo
273 2339 356 2418 loqui,
376 2362 428 2415 quo
442 2347 612 2418 imperatores
628 2350 775 2420 Pausanias,
797 2349 939 2426 Lysander,
957 2346 1089 2422 Agesilaus
1105 2348 1242 2414 simut,
1266 2343 1312 2399 sed

193 2418 226 2475 de
241 2441 282 2490 eo,
300 2443 351 2496 quo
370 2423 437 2482 liber
451 2431 608 2502 conscriptus
625 2429 768 2500 putabatur,
784 2431 925 2486 Theodosii
941 2448 1033 2502 nempe
1054 2435 1145 2495 aetate3
1165 2437 1226 2480 tunc
1243 2423 1310 2478 forte

193 2501 293 2559 habitos
309 2505 502 2562 Lacedaemone
516 2508 589 2563 ludos
602 2513 724 2574 scenicos,
738 2520 800 2564 tunc
822 2513 888 2566 forte
904 2509 993 2563 viduas
1018 2492 1115 2562 nobdea
1132 2506 1169 2560 eis
1189 2504 1311 2560 adfuisse.

192 2587 258 2638 'fam
276 2585 372 2640 absona
390 2596 428 2641 eat
446 2585 507 2642 liare
524 2589 679 2656 coniectura,
694 2599 733 2644 tot
745 2601 834 2646 contra
852 2607 910 2643 eam
928 2587 1016 2644 aaleut
1033 2587 1154 2652 rationes,
1172 2594 1202 2640 ttt
1217 2601 1310 2656 operae

191 2669 303 2738 pretium
318 2688 370 2724 non
383 2669 451 2724 silei
464 2669 621 2726 refellendae
638 2671 782 2728 immorari.
799 2673 853 2726 Nee
870 2671 1031 2728 mentionem
1048 2671 1103 2724 eius
1113 2667 1243 2735 fecissem,
1260 2665 1309 2721 nial

190 2767 229 2814 ea,
247 2751 317 2822 quod
335 2753 442 2817 mirum,
459 2753 580 2812 Lambini
596 2771 692 2808 nomen
710 2772 770 2826 prae
783 2773 810 2808 se
823 2753 911 2809 ferret.
928 2753 958 2805 ln
974 2751 1089 2822 chartam
1102 2751 1244 2804 coniecisse
1264 2747 1306 2804 vi·

188 2827 264 2882 detur
276 2832 418 2886 Lambinus
429 2832 495 2888 banc
512 2833 728 2896 observationem,
742 2842 878 2907 antequam
900 2831 981 2889 faetus
997 2843 1037 2887 est
1059 2832 1164 2898 certior,
1180 2829 1309 2904 Nepotem

188 2929 244 2964 esse
261 2931 351 2966 verram
369 2913 429 2968 libri
446 2927 589 2983 auctorem3
601 2927 686 2987 postea
699 2917 771 2972 illam
789 2914 876 2970 delere
888 2913 989 2969 oblitus.
1007 2913 1134 2968 Monstrat
1148 2913 1197 2966 boc
1216 2929 1307 2967 esem·

188 2989 272 3059 plum,
292 2993 439 3068 purgandos
452 3016 507 3050 esse
520 3017 534 3050 a
549 2995 668 3070 lapsibus,
685 2999 741 3052 siae
753 2997 846 3051 calami
867 2997 921 3051 siae
939 2995 1039 3060 iudicii,
1061 2995 1205 3049 doctiorum
1228 2993 1308 3048 etiarn

189 3073 305 3130 vitorum
323 3080 535 3144 commentarios,
548 3080 571 3132 si
588 3081 679 3133 iterata
692 3079 807 3134 editione
825 3088 986 3150 repetuntur.
1001 3075 1135 3151 Explicaut
1154 3075 1196 3129 alii
1208 3091 1308 3130 acerram

188 3173 235 3224 per
252 3155 327 3210 ludos
338 3161 522 3230 gymnasticae,
535 3179 599 3230 quos
612 3158 806 3214 Lacedaemone
827 3179 919 3233 magno
934 3161 961 3214 in
985 3157 1069 3230 pretio
1092 3155 1171 3212 fluisse
1195 3157 1310 3222 scimus,

188 3235 299 3292 feminas
312 3257 417 3314 quoque
428 3241 465 3294 eis
478 3241 603 3297 admissas
616 3261 668 3294 non
682 3261 815 3314 negamup
828 3245 872 3296 sed
889 3260 1005 3316 pugnare
1021 3241 1124 3294 videtur
1141 3239 1205 3294 baec
1223 3235 1307 3310 espll·

188 3317 256 3373 catio
270 3335 360 3374 eontra
380 3341 457 3376 usum
481 3323 549 3378 vocis
573 3323 679 3390 Scenae,
697 3325 828 3378 aGraeris
845 3344 926 3396 seqare
939 3343 967 3378 se
981 3323 1104 3378 Romanis
1116 3331 1259 3396 receptum.
1275 3319 1310 3374 Es

187 3412 266 3456 restat
279 3404 405 3478 quaestio:
422 3406 486 3476 Quis
499 3407 618 3460 mercede
635 3407 761 3462 conducet
776 3407 878 3462 vidusm
897 3406 1021 3472 nobilem,
1038 3416 1067 3460 ut
1089 3415 1128 3461 est
1146 3401 1308 3477 spectatum?

188 3479 244 3541 Alit
259 3481 384 3558 denique,
398 3504 510 3557 quorum
528 3487 645 3560 princeps
663 3487 714 3542 fuit
731 3487 905 3564 Hieronymus
925 3485 1036 3562 Magius,
1062 3485 1245 3550 crediderunt,
1258 3482 1310 3556 legi

189 3559 285 3616 debere
298 3585 411 3630 merom,
425 3585 477 3620 non
493 3587 606 3622 scenam.
621 3571 671 3622 Aut
681 3567 747 3622 hanc
761 3570 911 3635 lectionem,
924 3578 966 3622 aut
980 3571 1057 3625 etiam
1071 3567 1107 3620 art
1119 3569 1213 3630 lenam,
1225 3561 1309 3618 corel·

132 3714 136 3720 Ι
189 3641 274 3716 pendo
291 3651 371 3701 textui
384 3659 471 3720 aptam
489 3666 543 3702 esse
559 3647 668 3702 eredidit
684 3651 705 3703 l.
719 3651 757 3704 M.
774 3651 959 3726 Heusingerus,
972 3667 1054 3722 eaque
1066 3665 1106 3700 res
1123 3645 1220 3720 largam
1235 3659 1310 3716 prae·

189 3723 247 3780 buit
260 3727 392 3782 materiam
405 3729 583 3804 disputationis
595 3729 758 3800 interipsum
776 3741 801 3784 et
816 3731 994 3786 doctissimum
1012 3729 1186 3783 Starerulum.
1202 3725 1308 3778 Certum

190 3805 299 3882 quidem
314 3818 360 3874 est,
373 3811 547 3864 Lacaenarum
565 3828 649 3864 mores
662 3827 714 3864 non
732 3811 808 3864 fuisse
825 3830 884 3882 prae
898 3813 1002 3864 caeteris
1014 3818 1104 3863 castos.
1117 3806 1168 3860 h'e'd
1181 3805 1258 3860 leetlo
1271 3803 1309 3860 etl

183 3891 274 4027 vona
292 3911 343 3946 noo
358 3891 453 3966 placuit
467 3895 540 3949 beato
554 3897 681 3958 Gesnero,
693 3896 799 3962 iure‚ut
809 3892 873 3946 milri
886 3893 994 3964 quidem
1009 3891 1122 3956 videtum
1135 3899 1173 3954 et,
1184 3890 1207 3944 sl
1218 3905 1308 3960 eapro-

225 3991 268 4028 are
278 3972 364 4044 Nepos
378 3976 461 4030 voluit
470 3975 554 4032 viduis
567 3975 689 4032 Laeaems
703 3991 807 4028 anorum
821 3972 959 4040 licentiam,
973 3973 1107 4028 hoesensu
1118 3967 1309 4042 aisadsequats

191 4049 285 4111 dixisse
299 4055 409 4112 videtur:
424 4059 497 4128 Quae
513 4069 565 4112 nort
579 4055 610 4110 ad
627 4071 733 4112 coenam
747 4067 789 4110 eat
800 4053 919 4110 mercede
936 4056 1070 4110 conducta.

225 4179 298 4234 lisbil
314 4181 399 4252 itsqus
417 4193 547 4256 superest,
560 4182 609 4236 uisi
622 4190 652 4236 ut
667 4179 755 4234 locum
772 4178 916 4235 iudicemus
938 4179 1004 4236 adea
1018 4185 1182 4249 corruptum,
1201 4174 1310 4234 sentiat

191 4255 297 4315 ιιιιιικ
309 4263 386 4320 Probi
399 4263 484 4335 eulpa,
498 4275 527 4320 ut
544 4262 707 4335 probabiliter
721 4280 769 4318 nec
784 4261 907 4332 replicari
921 4280 969 4320 nae
980 4260 1111 4319 emendari
1123 4257 1308 4333 pomattotim

191 4339 260 4408 soto
274 4360 391 4406 occurere
408 4346 568 4416 mauritan,
581 4365 641 4414 son
656 4345 685 4418 ia
698 4345 814 4410 nonme
829 4346 987 4410 Gaasaanm
1001 4343 1167 4430 ummndis,
1187 4345 1217 4410 ia
1229 4360 1305 4430 psas·
