3660 5740
674 519 893 588 anserinus
1290 491 1353 620 93

235 747 339 810 ctum
362 745 441 824 est,
469 755 590 837 quum
608 731 650 807 in
669 731 863 807 communi
884 726 1004 805 classe
1020 731 1037 780 ⁴
1054 735 1156 806 esset
1173 731 1355 808 Graeciae

235 849 350 929 simul
369 877 456 927 cum
471 852 680 942 Pausania,
705 877 781 952 quo
808 848 906 925 duce
931 845 1155 924 Mardonius
1183 865 1265 924 erat
1290 847 1355 925 fu-

235 982 363 1074 gatus,
397 985 441 1045 ut
469 995 613 1048 summa
632 970 780 1071 imperii
801 967 976 1086 maritimi
1008 963 1356 1042 aLacedaemoniis

207 1161 211 1170 ,
236 1085 510 1163 transferretur
523 1083 573 1162 ad
591 1085 857 1160 Athenienses:
873 1087 888 1133 ⁵
908 1109 1084 1186 namque,
1098 1100 1182 1158 ante
1201 1082 1243 1158 id
1258 1100 1352 1160 tem-

236 1229 330 1308 pus,
343 1219 382 1281 et
395 1205 491 1280 mari
508 1218 548 1279 et
564 1219 664 1277 terra
684 1198 801 1278 duces
821 1199 1251 1294 erantLacedaemonii3
1278 1218 1358 1276 tum

238 1335 363 1397 autem
390 1338 429 1396 et
454 1321 747 1422 intemperantia
764 1322 781 1370 ⁶
797 1319 1025 1407 Pausaniae,
1052 1334 1089 1392 et
1119 1317 1261 1394 iustitia
1295 1317 1355 1393 fa·

239 1455 342 1514 ctum
365 1454 421 1514 est
438 1435 635 1523 Aristidis,
659 1451 704 1510 ut
723 1459 852 1512 omnes
873 1431 955 1510 fere
982 1436 1152 1512 civitates
1178 1437 1360 1513 Graeciae

240 1552 290 1628 ad
315 1554 600 1630 Atheniensium
618 1555 834 1628 societatem
862 1577 901 1625 se
934 1549 1194 1654 applicarent,
1220 1569 1258 1628 et
1279 1553 1355 1627 ad-

240 1696 370 1747 versus
403 1669 586 1748 barbaros
612 1669 682 1747 hos
708 1665 825 1743 duces
851 1665 1061 1770 deligerent
1086 1667 1175 1759 sibi,
1201 1695 1280 1772 quo
1306 1668 1362 1744 fa-

243 1787 352 1864 cilius
379 1786 631 1894 repellerent,
658 1789 688 1864 si
714 1785 816 1862 forta
842 1781 986 1860 bellum
1014 1812 1197 1862 renovare
1217 1788 1231 1836 ⁷
1252 1814 1363 1864 cona·

243 1922 391 1982 rentur.

293 2021 361 2099 III.
387 2021 448 2098 Ad
464 2019 599 2099 classes
624 2017 895 2111 aedificandas,
921 2021 1186 2124 exercitusque
1211 2047 1365 2126 compa·

245 2141 408 2234 randos,
434 2158 617 2242 quantum
651 2140 1043 2249 pecuniae-quaeque
1078 2141 1207 2214 civitas
1235 2139 1366 2238 daret,

245 2257 428 2334 Aristides
454 2257 621 2360 delectus
639 2259 778 2356 estqui
797 2257 1052 2332 constitueret.
1069 2263 1079 2307 ⁴
1100 2257 1191 2332 Eius
1212 2258 1368 2334 arbitrio

248 2371 516 2476 quadringena
544 2389 584 2448 et
612 2397 799 2474 sexagena
812 2371 953 2447 talenta
971 2374 987 2422 ²
1007 2374 1213 2475 quotannis
1230 2371 1369 2448 Delum

193 2473 215 2494 ⁸
248 2505 337 2567 sunt
355 2487 504 2565 collata.
520 2488 565 2564 Id
583 2490 682 2564 enim
703 2515 901 2566 commune
928 2491 1115 2564 aerarium
1141 2515 1220 2566 esse
1235 2486 1368 2567 volue-

249 2722 325 2791 Quod
345 2723 378 2777 de
401 2724 499 2778 Catone
512 2723 616 2778 Sallust.
631 2720 686 2776 Cat.
704 2722 781 2777 1.le
828 2723 906 2786 ¹vitis,
920 2722 1046 2792 superbia:
1063 2723 1196 2799 deprimet.
1215 2723 1279 2780 vide
1301 2725 1370 2780 Plut.

252 2823 264 2858 s
275 2807 347 2873 Esse,
358 2823 438 2879 quam
448 2806 531 2862 videri
542 2807 627 2860 honus
640 2805 760 2860 malebat.
772 2825 783 2858 s
834 2837 869 2850 -
883 2807 922 2860 Vt
935 2810 1089 2881 omuesssre
1099 2814 1224 2873 civitates,
1240 2819 1291 2865 etc.
1304 2810 1368 2864 Plu*

248 2919 283 2934 -
296 2893 460 2947 [auxentius
478 2895 598 2949 avaritiae
622 2893 783 2966 opponitur,
836 2891 959 2956 turchos,
974 2894 1002 2946 in
1020 2893 1130 2948 Cimone
1150 2897 1196 2959 Vl,
1215 2895 1303 2959 Chios,
1319 2899 1372 2950 Ss-

248 2976 317 3028 utin
334 2977 501 3047 sequentihus
517 2987 595 3048 patet.
835 2977 911 3041 mins,
929 2975 1042 3039 Lesbios,
1063 2993 1206 3048 eorumque
1220 2979 1303 3031 socios
1326 2998 1368 3033 re·

281 3063 324 3132 (l)
339 3061 421 3131 Quum
438 3063 466 3114 iss
477 3066 602 3115 communi
619 3063 695 3114 clane
703 3100 713 3125 ,
736 3069 783 3113 etc.
835 3069 929 3113 censet.
948 3061 981 3114 Se
997 3063 1151 3132 applicarent
1165 3060 1274 3116 calidius
1290 3081 1369 3136 quant

248 3146 289 3200 At
313 3144 516 3201 Atheniensibus
533 3144 586 3198 dux
609 3143 640 3196 ad
667 3142 784 3207 bellum,
835 3143 994 3206 secederent,
1011 3153 1091 3196 autre
1108 3155 1297 3200 converterent.

248 3227 347 3300 collega
365 3229 485 3294 Cimone,
503 3229 606 3282 missus.
622 3225 751 3280 Plutarch.
868 3228 912 3295 (7)
931 3227 1031 3280 Bellum
1051 3247 1179 3283 renovare.
1194 3231 1234 3281 De
1260 3248 1329 3286 uovo
1345 3241 1371 3286 et

282 3318 325 3382 (5)
341 3313 382 3367 Vr
406 3331 502 3366 namma
519 3315 617 3377 imperii
631 3315 753 3364 awritimi
768 3329 786 3362 u
836 3311 937 3383 integro
950 3310 1057 3373 inferre.
1073 3305 1205 3386 Ssll.'lug.
1229 3317 1272 3383 Ll,
1294 3337 1372 3372 reson

249 3398 455 3453 Lacedaemoniis
467 3397 648 3470 trusssfiretur
658 3397 693 3448 ad
704 3395 786 3448 Aste-
836 3413 895 3448 νοτε
906 3395 1038 3466 praeliaris.
1154 3427 1167 3457 0
1219 3399 1226 3416 ⁸

251 3488 356 3537 ateana.
369 3479 398 3534 ld
412 3481 464 3534 issu
481 3490 564 3549 antem
586 3481 690 3534 incensa
703 3481 784 3532 Lace-
870 3482 913 3547 (t)
933 3480 1058 3552 Quartum
1074 3486 1192 3552 pecunias
1208 3503 1316 3558 masque
1332 3491 1370 3541 ei·

251 3566 449 3620 doemoniorum
475 3563 571 3627 classe,
597 3575 662 3632 quse
685 3569 737 3614 tota
752 3560 786 3614 ad
838 3563 1000 3628 adesdum,
1015 3565 1143 3618 Aristides
1159 3566 1267 3621 delerem
1280 3583 1318 3622 ast
1331 3576 1373 3642 qni

252 3647 514 3723 Gytheumsubducts
525 3657 590 3710 erat,
601 3644 788 3701 Themistocles
839 3651 1006 3728 eorsstitueret.
1037 3649 1198 3720 Elegantiori
1235 3652 1374 3708 verborum

253 3733 338 3788 fuerat
350 3732 518 3787 machinatus.
540 3730 666 3785 Aristides
682 3739 787 3790 sutem.
838 3732 1034 3802 compositione,
1047 3749 1095 3802 pro
1114 3733 1244 3787 Aristides
1266 3737 1376 3792 delectus

254 3834 338 3892 quum
352 3815 556 3874 Themistoclem
569 3814 706 3872 consilium
726 3813 789 3868 utile
841 3829 888 3879 est,
902 3819 945 3886 qui
957 3819 1119 3870 constitueret
1132 3831 1249 3886 quantum
1268 3829 1316 3874 etc.
1333 3821 1376 3874 Ab

254 3902 373 3974 quidem,
386 3901 497 3954 minime
513 3900 684 3956 semiustum
703 3897 789 3952 animo
840 3897 962 3953 universa
979 3915 1041 3954 reso
1058 3901 1167 3954 Graecia
1191 3897 1307 3955 delectus
1329 3913 1376 3958 est.

256 3985 372 4055 solvere,
386 3986 485 4041 civibus
501 3985 554 4040 suis
566 3983 714 4055 aperuisset,
727 4002 787 4038 eum
840 3983 906 4039 vite
919 3982 1048 4038 Plutarch.
1062 3983 1090 4036 in
1104 3984 1227 4038 Aristide.

255 4071 374 4144 protinus
397 4071 516 4144 incoepto
539 4069 661 4123 desistere
683 4067 792 4122 iusserat
875 4071 918 4137 (2)
942 4068 1122 4140 Quadringenti
1139 4080 1163 4121 et
1187 4087 1315 4142 sexagena
1330 4084 1375 4127 ta·

258 4155 437 4229 populunlta,
455 4154 522 4228 quod
542 4151 731 4207 Themistocles
747 4171 793 4224 per
841 4153 919 4206 lenta.
933 4150 1076 4206 Talentum
1084 4161 1169 4204 sutem
1182 4154 1288 4207 atticum
1298 4159 1379 4214 nostri

259 4240 434 4312 proditionem
451 4236 657 4305 sueratmolitus,
670 4236 696 4291 id
708 4237 794 4308 sequi·
843 4235 908 4287 seris
920 4251 1052 4287 summam
1070 4231 1148 4286 efficit
1165 4239 1243 4302 5,Ήῦ
1257 4235 1289 4291 sr.
1310 4239 1377 4295 Vide

261 4333 314 4380 sate
329 4333 357 4378 et
372 4323 468 4378 iustitis
484 4321 536 4377 suis
548 4323 647 4394 pararit
659 4317 793 4374 Aristides.
843 4317 976 4385 Mones,
986 4317 1186 4373 Cdnsiddrutious
1198 4337 1240 4373 sur
1255 4319 1291 4378 les
1302 4343 1375 4381 mon.

296 4411 339 4482 (6)
349 4408 555 4483 temperata.
567 4405 732 4478 impotentia,
741 4421 795 4462 sse-
844 4406 914 4461 aries
924 4421 1041 4478 prepara
1053 4415 1079 4460 et
1095 4408 1231 4462 mandras.
