3528 5780
485 511 582 634 384
800 541 860 606 ιο.
894 535 1027 604 nunu.
1063 535 1282 604 sonetum

484 769 498 804 s
515 751 697 822 imperatores,
712 743 887 818 quotccilius,
900 742 1002 799 mttatis
1012 752 1187 816 utrommque
1199 741 1283 807 iactis,
1305 741 1351 812 qni
1370 741 1423 798 riri
1439 739 1630 813 mereat

484 851 498 886 a
515 833 579 895 sint,
591 829 671 903 possit
680 827 817 884 iudicaris
835 824 921 880 nest·
932 825 1010 882 etiam
1022 835 1062 882 eat
1074 821 1236 890 Plutarchus,
1247 822 1294 897 qui
1307 823 1336 878 in
1349 822 1413 879 vitis
1424 822 1462 878 bl.
1475 823 1629 891 larcelli,

482 911 586 969 Luculli
602 921 629 966 et
641 908 819 966 Gracchorum
842 909 961 972 iratrum,
982 907 1051 963 laune
1070 906 1170 962 librum
1191 905 1308 961 Cornelii
1326 905 1417 960 habuit
1429 915 1494 960 aute
1509 907 1626 962 ouum.

481 996 534 1052 net
549 993 659 1058 interiit,
670 1001 698 1046 et
712 1001 751 1047 est
767 988 837 1062 quod
851 988 979 1054 dubitem,
991 1005 1024 1044 en
1040 988 1094 1044 uita
1106 990 1221 1054 Catonis,
1237 1007 1302 1058 quae
1318 998 1444 1061 superest,
1461 1007 1515 1060 pao
1527 991 1623 1060 perti-

482 1077 542 1132 culs
555 1077 633 1130 huius
648 1073 710 1129 libri
723 1071 756 1127 sle
773 1071 970 1143 imperatoribus
986 1069 1103 1126 habrum
1118 1071 1163 1136 sit,
1176 1069 1204 1122 in
1216 1068 1343 1124 brevitate
1353 1069 1425 1125 enine
1438 1087 1486 1124 sua
1500 1069 1628 1144 amplior

483 1159 568 1216 estin
581 1155 682 1228 seriptis
694 1155 761 1220 eius,
774 1171 850 1226 quam
865 1155 893 1207 iu
904 1151 982 1208 rebus
995 1153 1074 1224 gestia
1086 1151 1280 1206 enumerandis.

518 1239 610 1296 Alium
628 1255 685 1292 ase
701 1236 848 1292 coniectum
864 1231 963 1296 librum
979 1241 1108 1288 memoret
1123 1231 1258 1288 Cornelius
1271 1233 1299 1288 in
1312 1234 1366 1288 vite
1381 1231 1489 1302 Dionis,
1502 1251 1569 1308 cap.
1586 1241 1621 1288 32

487 1341 500 1376 s
518 1321 572 1376 Sei
589 1319 622 1375 ie
637 1317 688 1373 boc
701 1317 834 1388 (Philisto)
848 1317 877 1372 tn
894 1334 926 1372 eo
937 1333 998 1372 meo
1008 1314 1079 1370 libro
1090 1313 1166 1386 plura
1175 1325 1238 1370 sunt
1247 1316 1370 1386 exposita,
1384 1315 1430 1388 qui
1440 1317 1475 1370 dc
1486 1315 1624 1372 Ιιὶωίάι

491 1423 503 1458 s
522 1403 685 1474 conscriptus
698 1409 769 1454 esta
787 1399 863 1453 llunc
875 1397 961 1453 locum
982 1397 1018 1453 ita
1033 1395 1217 1469 explicandum
1232 1413 1305 1462 esee,
1320 1395 1392 1470 good
1409 1397 1500 1470 Nepos
1515 1399 1624 1470 sni-ipit

485 1485 623 1556 seperatim
640 1479 674 1534 rle
686 1477 816 1536 historicis
826 1479 933 1552 grueria
938 1489 965 1534 et
977 1477 1011 1532 de
1024 1476 1122 1544 latinis,
1135 1477 1260 1533 discimus
1272 1495 1288 1533 e
1300 1481 1351 1534 lae.
1361 1477 1435 1537 rsit.
1445 1479 1624 1552 lleuaimgen',

485 1564 623 1622 clarissimi
640 1563 702 1626 uiri,
716 1560 905 1626 dissertatione,
921 1579 988 1634 quse
1002 1560 1110 1616 editioni
1123 1560 1231 1632 Nepotis
1248 1559 1429 1615 Fiselserianae
1444 1560 1558 1616 edincta
1575 1573 1621 1616 est

484 1651 512 1704 ls
528 1647 610 1715 enim,
625 1663 707 1718 quum
721 1643 822 1715 codices
837 1644 1010 1699 bibliothecen
1026 1643 1246 1716 Guelferbytanae
1261 1642 1439 1718 perlustraret,
1459 1643 1622 1699 observarit

487 1731 518 1786 in
536 1729 688 1804 perentiquo
705 1725 751 1796 (erl
767 1726 885 1782 seculsms
904 1725 977 1780 enirn
991 1727 1029 1780 11
1042 1724 1179 1796 refertur),
1195 1727 1242 1799 qui
1254 1727 1381 1781 oratimm
1397 1724 1538 1782 Cioerrnsia
1557 1727 1623 1782 Pli-

488 1811 596 1884 llpplcss
615 1808 730 1864 continet
740 1848 750 1874 ,
780 1809 906 1880 pruebsos
922 1807 947 1862 ei
963 1825 1018 1862 esse
1034 1805 1151 1860 eiusdem
1168 1805 1267 1860 libearii
1286 1825 1365 1860 manu
1378 1805 1445 1862 siuns
1460 1806 1621 1862 acautis

487 1891 561 1947 locos
573 1890 706 1962 humusque
720 1888 875 1960 incognitos,
893 1889 940 1962 qui
952 1888 991 1943 sic
1007 1887 1197 1942 inscribuntur:
1213 1883 1346 1942 &caelius
1357 1885 1443 1959 Nque
1459 1890 1490 1942 in
1503 1889 1580 1942 la'bsu
1593 1889 1621 1940 de

487 1972 614 2025 arsimus
627 1970 724 2032 luicis,
737 1969 770 2023 ‹le
787 1968 865 2024 lsusle
876 1969 1016 2024 Ciceronis.
1032 1967 1134 2040 Plangit
1145 1967 1174 2022 in
1186 1969 1273 2038 priore
1286 1967 1344 2022 loeo
1354 1967 1488 2022 Ciceronis
1501 1979 1622 2024 murte-

458 2095 461 2108 .
487 2059 691 2125 praematuram,
708 2049 749 2102 bis
762 2057 836 2104 utens
850 2049 945 2104 verbis:
960 2049 1031 2104 sllle
1043 2049 1115 2104 enim
1129 2049 1178 2104 tuis
1191 2067 1268 2115 unus,
1281 2052 1328 2121 qui
1337 2049 1461 2122 potuerit,
1476 2048 1529 2124 qni
1544 2051 1622 2105 etism

493 2147 507 2184 a
527 2130 647 2185 debuerit
663 2128 797 2184 historiam
815 2129 893 2203 digne
918 2147 981 2184 rooe
998 2131 1242 2201 pronuistiese........
1256 2131 1296 2184 Es
1312 2149 1365 2202 quo
1380 2128 1490 2194 dubito,
1507 2131 1621 2186 interita

493 2229 508 2267 a
526 2215 583 2267 eius
599 2221 688 2266 utrum
704 2229 746 2266 res
764 2210 877 2284 publica,
891 2229 924 2266 an
936 2210 1042 2266 historia
1056 2211 1138 2282 megia
1155 2209 1266 2266 doleat·
1283 2211 1440 2266 Obseruauit
1455 2209 1536 2266 idem
1549 2215 1621 2266 Heu·

490 2292 620 2365 aingenu,
634 2291 751 2346 codicem
763 2291 878 2345 Cornelii
886 2291 994 2363 llcpotis
1006 2293 1035 2345 in
1048 2291 1138 2346 endem
1152 2291 1316 2356 bibliotbeca,
1327 2309 1408 2366 quem
1421 2295 1473 2348 ⁵⁰0
1485 2311 1620 2348 mmm

489 2377 626 2441 aestimat,
648 2373 715 2428 lsauc
733 2377 801 2428 uitae
824 2370 929 2427 &torris
952 2372 1079 2443 praeferre
1104 2373 1316 2446 inscriptionems
1341 2375 1499 2444 Fsoerptusn
1519 2395 1538 2429 e
1556 2376 1619 2428 libes

491 2454 606 2514 amitit
621 2453 735 2526 Nepotis,
746 2455 779 2508 de
791 2454 914 2508 historicis
929 2455 1023 2508 latinis.
1042 2454 1145 2509 Citatus
1161 2453 1297 2510 Cornelius
1310 2457 1339 2512 in
1353 2455 1406 2510 sita
1419 2457 1555 2522 Terentii,
1568 2460 1619 2510 n'ee

491 2557 507 2594 a
524 2541 627 2592 Donato
640 2538 696 2592 sire
713 2555 730 2591 a
745 2535 871 2590 Suetonio
884 2537 1034 2608 perscripta,
1054 2538 1165 2592 citantur
1177 2557 1192 2590 e
1207 2536 1336 2604 Suetonio,
1356 2535 1476 2592 inlibris
1491 2535 1529 2590 sle
1545 2539 1618 2592 claris

488 2619 648 2676 Rhetoribus
663 2616 734 2674 etde
751 2617 827 2673 claris
842 2618 1026 2673 Grammaticis
1042 2617 1092 2672 loci
1105 2638 1121 2672 e
1133 2617 1266 2685 Cornelio,
1287 2621 1334 2691 qni
1354 2617 1387 2671 sd
1407 2616 1545 2673 lsistnriasn
1562 2623 1620 2673 ltn-

488 2719 630 2758 manorum
642 2700 794 2756 litterariam
806 2709 927 2774 spectant.
938 2704 1052 2772 Apparet
1068 2699 1141 2767 iude,
1151 2699 1305 2756 Cornelium
1321 2717 1375 2754 non
1387 2699 1475 2756 solum
1490 2699 1522 2756 ie
1535 2699 1620 2756 bisto-

492 2787 562 2852 ricla,
578 2782 624 2839 seri
641 2786 720 2838 etiam
736 2786 769 2838 de
781 2782 840 2838 aliis
851 2784 926 2840 claris
942 2783 1087 2839 auctoribus
1100 2784 1238 2852 scripsisse.

523 2864 645 2922 Credidit
656 2864 690 2919 G.
698 2865 725 2919 1.
734 2864 761 2918 V
764 2867 841 2930 oufes,
855 2873 953 2936 etpost
967 2883 1028 2918 eum
1043 2863 1110 2918 M.
1119 2865 1258 2936 Frisioius,
1272 2865 1453 2938 conscripsisse
1465 2863 1616 2920 &melium

490 2947 654 3022 singularem
674 2946 773 3002 librum
794 2948 827 3002 de
843 2946 962 3018 Regibus.
978 2949 1087 3004 Vossius
1103 2946 1143 3001 bia
1164 2949 1246 3002 utitur
1262 2948 1350 3003 verbis
1371 2948 1399 3002 iu
1416 2947 1470 3004 vita
1486 2948 1616 3004 nautii:

497 3050 510 3085 s
529 3032 634 3087 Praeter
647 3029 817 3100 imperatores
829 3029 937 3084 seorsim
951 3047 1066 3084 marsuae
1088 3027 1184 3083 librum
1202 3027 1235 3082 de
1247 3031 1368 3102 Regibus
1384 3041 1542 3103 argumento
1558 3031 1616 3084 laser

494 3129 510 3166 a
530 3118 618 3176 erunt,
635 3127 700 3180 quae
712 3108 889 3164 Timoleontis
906 3111 974 3166 vitse
985 3108 1080 3164 subdit:
1093 3110 1128 3164 ili
1141 3109 1194 3164 iere
1206 3112 1310 3166 bierunt
1323 3100 1451 3169 Graecis'e
1465 3115 1552 3183 geuts's
1563 3111 1615 3164 du·

494 3211 510 3248 a
528 3211 590 3260 oea,
606 3194 653 3266 qui
665 3193 792 3246 memoria
805 3190 881 3262 digni
895 3189 1059 3258 ridebantur,
1081 3201 1182 3264 praeter
1197 3211 1281 3266 reges.
1295 3193 1418 3267 Namque
1430 3211 1475 3248 eos
1489 3193 1612 3260 stringen

494 3291 510 3326 s
529 3271 674 3338 noluimus,
687 3270 759 3342 quod
774 3270 894 3326 omnium
914 3289 956 3325 res
975 3281 1061 3346 gestae
1081 3275 1218 3344 separatim
1231 3272 1505 3344 ministrumque
1519 3277 1607 3324 tamen

497 3371 510 3406 s
528 3354 557 3408 bi
572 3349 712 3407 sinodum
725 3359 788 3404 suut
799 3349 898 3404 multis
913 3350 981 3406 blibi
993 3369 1059 3406 veru
1070 3353 1224 3426 neutiqusus
1237 3351 1300 3408 baec
1317 3353 1397 3410 verba
1406 3347 1522 3413 cimelii,
1537 3350 1611 3418 Μ

490 3437 606 3490 emtus·
621 3443 757 3503 resgrstus
773 3433 1105 3503 oepmsimsrsaue,
1123 3432 1324 3501 itaesplicanela
1339 3433 1558 3502 sitammam
1576 3432 1613 3488 st

496 3531 580 3570 uuum
606 3511 764 3571 volumena
784 3529 813 3566 se
833 3513 1005 3584 mnscriptrm
1033 3513 1160 3586 respiciat.
1182 3515 1359 3572 Menstruanus
1379 3511 1473 3588 aliquid
1491 3521 1521 3568 et
1540 3513 1614 3570 bono

490 3606 597 3652 snutore
611 3611 703 3667 parum
717 3592 827 3666 sltgnnm
841 3593 920 3664 babet
932 3594 991 3650 idea
1006 3595 1136 3652 scribendi
1153 3596 1252 3652 librnm
1265 3599 1306 3653 rel
1328 3597 1482 3654 historicum
1491 3593 1540 3650 rel
1551 3597 1613 3654 bio«

495 3677 648 3750 graphicum
659 3675 694 3732 ds
702 3675 818 3748 lisgibus
830 3677 859 3731 tu
872 3693 977 3749 genere,
989 3677 1086 3750 absque
1099 3677 1152 3734 ulls
1165 3678 1375 3736 denominatione
1387 3677 1488 3753 populi,
1501 3680 1545 3734 eui
1559 3680 1610 3734 im·

492 3759 655 3832 peraverim.
668 3755 734 3814 'l'ale
747 3756 812 3832 quisi
828 3757 951 3814 Cornelio
967 3759 996 3813 in
1007 3769 1126 3816 mentem
1137 3764 1238 3817 venisse
1249 3779 1303 3816 non
1316 3761 1405 3820 meio.
1413 3765 1520 3818 uxorne
1531 3779 1560 3816 se
1569 3779 1611 3834 po·

492 3842 549 3896 tius
565 3839 614 3896 boe
636 3837 716 3910 loeo,
734 3839 804 3914 quoti
822 3840 851 3896 in
870 3839 1029 3912 espnuaaslia
1051 3843 1210 3898 Graecorum
1230 3843 1429 3912 tmperatoribru
1444 3861 1518 3918 seges
1532 3843 1612 3898 stubs

492 3920 698 3992 prsetermiaerit
706 3959 718 3985 ,
734 3927 762 3974 et
782 3917 847 3975 tales
862 3920 972 3994 quidem
986 3939 1078 3996 seges,
1095 3925 1143 3996 nui
1159 3942 1212 3980 non
1228 3925 1351 3996 nomine,
1365 3935 1395 3982 ut
1408 3925 1612 3990 lacedaemoni,

491 4000 540 4056 sed
553 4019 644 4060 resera
659 4000 730 4073 regia
746 3999 875 4074 dignitate
891 4003 1041 4072 utebantur,
1053 4013 1080 4060 et
1090 4005 1185 4078 quibus
1200 4006 1271 4062 locus
1282 4006 1352 4062 inter
1363 4007 1533 4082 imperatures
1542 4008 1612 4062 cela·

496 4079 628 4138 berrimos
639 4082 764 4154 assignari
774 4080 914 4141 debuisset.
921 4085 1071 4160 Philippum
1092 4085 1218 4159 intelligit
1238 4095 1265 4142 et
1282 4087 1479 4153 Mantum.
1498 4101 1526 4144 et
1539 4105 1613 4143 ousa-

493 4161 585 4234 plures
596 4164 665 4220 inter
680 4159 1009 4232 staminiarum,
1027 4165 1199 4224 Curandm
1218 4185 1325 4242 nempe,
1338 4170 1504 4244 Autigorsuua
1515 4177 1543 4226 et
1558 4171 1614 4226 ne·

496 4246 625 4300 usim
637 4241 809 4310 mmm.
827 4245 1030 4318 sysinnium,
1052 4246 1205 4321 sum,
1226 4247 1415 4321 romum.
1425 4251 1572 4325 synon.
1586 4251 1614 4306 u

494 4325 1322 4408 eun,nusnssuru,emssommnsmttutiu,
1343 4333 1616 4412 sumnum·
