3660 5740
523 423 589 521 68
971 425 1201 522 nunnors

518 683 581 746 tus
604 662 819 752 inclassom
837 679 1009 768 sumptus
1029 663 1152 739 factus
1181 674 1273 742 crat.
1311 659 1417 736 Hauc
1436 664 1640 769 ¹pecuniam

517 783 624 890 quod
645 781 789 862 solvere
808 782 850 856 in
871 782 1082 887 praesentia
1100 807 1179 856 non
1200 797 1362 884 poterat,
1387 770 1434 868 'in
1451 779 1603 858 vincula
1624 789 1635 832 ⁴

515 898 670 1005 publica
695 899 890 975 coniectus
907 897 973 988 ist,
993 896 1123 1008 ibique
1143 897 1240 972 diem
1268 895 1610 1003 obiit'supremum.

565 1016 669 1094 VIII.
695 1006 765 1093 Ilio
785 1017 853 1092 etsi
872 1015 1028 1093 crimine
1041 1016 1152 1090 Pario
1173 1016 1258 1118 ²est
1278 1023 1492 1114 accusatus,
1512 1032 1635 1092 tamen
1692 1007 1696 1014 “

516 1128 591 1208 alia
620 1131 693 1209 fuit
718 1159 827 1208 causa
854 1131 1117 1210 damnationis.
1158 1127 1330 1233 Namque
1362 1131 1642 1220 Athenienses,

514 1267 675 1358 psopter
706 1251 889 1326 Pisistrati
928 1246 1212 1352 tyrannidem,³
1243 1274 1337 1348 quae
1374 1252 1506 1351 paneis
1531 1251 1641 1324 annis

516 1385 605 1443 ante
617 1367 754 1460 fuerat,
773 1368 940 1442 omnium
961 1393 1130 1442 suorum·
1145 1366 1284 1442 civium
1303 1359 1513 1470 potentiam
1533 1371 1633 1443 exti-

454 1488 462 1506 ‘
514 1473 741 1562 mescebant'.
762 1483 960 1575 Miltiades,
980 1481 1141 1558 multum
1159 1485 1200 1554 in
1219 1483 1385 1585 imperiis
1399 1485 1634 1585 magistrati·

513 1599 665 1705 busque
682 1603 698 1652 ⁴
724 1617 905 1691 versatus,
924 1597 1217 1680 nonvidebatur
1231 1625 1339 1704 posse
1358 1625 1437 1676 esse
1457 1603 1640 1706 privatus:

513 1718 738 1822 praesertim
765 1743 883 1818 quum
913 1713 1192 1794 consuetudine
1220 1715 1268 1790 ad
1284 1718 1433 1821 imperii
1453 1704 1643 1822 cupidita·

514 1851 591 1912 tem
609 1834 710 1913 trahi
729 1834 931 1912 videretur.
951 1835 1045 1911 Nam
1055 1835 1280 1912 Chersonesi
1291 1861 1421 1912 omnes
1431 1833 1527 1929 illos,
1543 1864 1643 1939 quos

475 2013 481 2027 .
515 1951 726 2050 habitarat,
761 1979 883 2030 annos
900 1968 1130 2075 Perpetuam
1157 1952 1378 2030 obtinuerat
1404 1953 1633 2030 dominatio·

514 2095 616 2164 nem,
636 2075 651 2123 ⁵
669 2079 933 2178 tyrannusque
972 2068 1099 2145 fuerat
1122 2068 1373 2175 ¹appellatus,
1404 2071 1468 2147 sed
1504 2073 1641 2148 iustus·

517 2192 604 2270 Non
623 2190 822 2288 eratenim
842 2190 879 2266 vi
898 2193 1143 2279 consecutus,
1162 2187 1230 2266 sed
1248 2215 1403 2265 suorum
1418 2189 1640 2281 volontate;

517 2329 677 2410 eamque
691 2320 914 2408 potestatem
931 2301 1100 2381 bonitate
1121 2305 1341 2384 retinuerat.
1355 2308 1494 2385 Omnes
1513 2324 1640 2382 autem

552 2554 596 2621 (t)
625 2551 658 2604 ln
680 2550 779 2606 vincula
803 2550 910 2622 sicilici.
947 2549 1058 2606 Vincula
1110 2549 1573 2622 nuationvltl.st;tuss.1t,8.
1603 2553 1643 2606 Es

522 2635 678 2709 respondere
701 2639 879 2691 Romanorum
904 2655 987 2699 nervo,
1005 2654 1058 2708 quo
1109 2631 1295 2691 recentioribus
1315 2653 1393 2690 nemo
1415 2637 1521 2707 quidem
1539 2653 1642 2690 aarum·

515 2722 601 2794 medes
613 2721 875 2786 vinciuntureosum,
889 2723 935 2793 qui
952 2731 1058 2792 proptor
1110 2721 1160 2774 tior
1177 2719 1232 2774 lob.
1255 2720 1369 2775 Meursio
1391 2724 1437 2790 qui
1449 2721 1559 2792 integro
1578 2718 1644 2772 libro

519 2823 562 2860 ess
574 2806 632 2860 nesi
646 2815 809 2876 erantpsnst
822 2806 928 2860 Rarius.
942 2797 1058 2860 Hasn-
1110 2803 1354 2874 omniscomplexus
1363 2801 1519 2868 nstramus
1527 2804 1645 2856 omnium

520 2889 601 2944 Diem
616 2889 677 2942 ottts
689 2908 835 2958 mpsenunn.
857 2889 895 2942 lta
919 2899 1006 2942 narrat
1023 2892 1057 2946 A.
1110 2883 1221 2938 Athenis
1235 2883 1416 2936 bibliothecam
1438 2883 1581 2954 publicarit
1598 2885 1646 2937 Pi-

444 2966 457 2989 “
519 2969 589 3026 0211.
608 2972 696 3037 xvn,
713 2976 757 3027 ῃ,
771 2970 951 3038 vomax,
966 2981 994 3037 3,
1007 2984 1058 3029 ω,
1110 2970 1234 3030 sistratus,
1250 2985 1318 3020 snno
1335 2967 1432 3018 Romae
1455 2965 1572 3020 conditae
1586 2971 1646 3020 228.

520 3055 547 3110 3.
562 3057 619 3109 imo
633 3056 659 3108 in
675 3055 924 3111 Barathmmluisset
936 3055 1060 3121 deiectus.
1111 3053 1203 3105 Servio
1217 3051 1307 3105 Tullio
1327 3061 1452 3123 regnante
1465 3071 1480 3104 e
1495 3053 1548 3105 vita
1562 3054 1647 3106 cessit·

520 3138 572 3194 uisi
585 3137 723 3193 obstitisset
737 3140 867 3211 Prytanis,
876 3144 970 3212 nempe
979 3160 1056 3212 prae·
1110 3165 1145 3180 ·-
1164 3135 1234 3207 Quos
1241 3141 1329 3206 pansis
1340 3139 1412 3188 annis
1422 3147 1482 3188 ante
1490 3135 1585 3208 suerat.
1595 3138 1648 3190 An·

521 3237 562 3275 ses
583 3223 821 3288 muetonh‚.t³tss.
849 3225 878 3278 in
895 3225 1001 3299 Gorgia.
1017 3228 1058 3278 De
1110 3237 1146 3274 no
1162 3219 1269 3287 scilicet,
1283 3231 1312 3273 ut
1325 3239 1357 3272 ex
1370 3219 1493 3293 Thucyd.
1506 3220 1648 3293 colligitur,

521 3307 645 3360 contione
654 3316 681 3360 et
695 3306 849 3377 Prytanibus
862 3307 1014 3364 videPeris.
1026 3309 1058 3364 eal
1113 3304 1237 3358 vicesimo
1249 3314 1308 3360 ants
1317 3323 1430 3376 pugnam
1447 3305 1649 3360 Marathoniam.

522 3386 624 3443 helian.
642 3388 730 3444 lib.V
756 3401 783 3444 et
799 3393 841 3444 tx.
855 3390 1001 3448 Miltiadem
1027 3411 1060 3447 es
1113 3387 1258 3442 Potentiam
1272 3390 1471 3443 extimescebam.
1485 3388 1650 3444 videtures-

522 3471 666 3542 putseiscto
677 3471 776 3528 femore
792 3473 888 3530 obiisse
905 3487 992 3532 narrat
1003 3479 1057 3530 He·
1112 3475 1234 3542 pressisse
1252 3472 1374 3546 Thucyd.
1398 3472 1445 3545 qui
1463 3471 1497 3528 ds
1516 3471 1649 3528 Alcibiade

522 3555 581 3610 rod.
589 3557 637 3620 vt,
655 3563 717 3612 tto.
946 3560 947 3568 ’
1113 3556 1204 3610 eadem
1218 3557 1306 3622 relect,
1321 3561 1342 3612 1.
1361 3559 1393 3613 V.
1410 3561 1475 3612 hav.

559 3643 602 3707 (i)
620 3639 735 3695 cristine
753 3643 845 3698 Porio.
861 3645 904 3699 Ob
921 3645 979 3700 Pari
993 3644 1062 3698 obsi·

522 3721 629 3778 Momm
659 3725 785 3782 relictam.
815 3755 842 3770 -
874 3730 1062 3787 Damnationis.

522 3805 732 3863 Multseseiliset
748 3813 887 3882 impositas
904 3813 1061 3869 etcaroeris.
1161 3866 1166 3874 ,
1361 3863 1386 3877 ,,
1426 3857 1436 3878 .,
1544 3871 1548 3880 ,

557 3893 599 3963 (3)
608 3895 911 3968 Phimummdem·
923 3897 1062 3968 Quomodo
1112 3877 1185 3958 persa
1194 3877 1312 3957 peregre,
1330 3863 1462 3935 militana3
1477 3875 1649 3936 magistratus,

522 3995 582 4032 eam
604 3979 734 4052 occuparit
754 3989 782 4034 et
799 3985 907 4052 gesserit
918 3982 1008 4036 sidere
1021 3994 1062 4037 est
1114 3943 1196 4008 ‘imm’
1210 3944 1301 4000 ‘wile'
1313 3958 1396 4037 ΨΜ·

523 4080 555 4112 ex
568 4061 671 4118 Solonis
693 4062 802 4134 epistola
819 4063 852 4118 od
865 4064 1062 4136 Epimenidem,
1148 4063 1190 4130 (b)
1208 4061 1423 4117 Dominotionsm.
1444 4063 1599 4136 Imperium.
1618 4090 1652 4106 -

524 4146 590 4216 opud
604 4150 682 4222 Diog.
701 4151 785 4206 Lsest.
799 4147 844 4204 lib.
858 4150 880 4219 13
894 4149 1025 4204 Herodoto
1040 4155 1062 4217 Ι,
1116 4146 1262 4219 Tyrorsnns.
1276 4147 1385 4219 Nempe,
1403 4159 1433 4203 ut
1445 4149 1596 4204 Aristoteles
1610 4147 1649 4202 lo·

523 4233 568 4298 593
580 4228 707 4286 Plutsselt.
720 4232 748 4287 in
764 4233 868 4300 Solone,
885 4233 1000 4288 Diodoro
1016 4235 1059 4288 st·
1115 4232 1214 4302 quitur,
1224 4229 1421 4304 repansorum&
1432 4233 1518 4306 νόμον,
1531 4247 1652 4307 (γναιυιω

524 4307 585 4364 tillo
599 4311 672 4380 xm,
681 4317 725 4386 95)
739 4313 875 4382 vacuus
889 4318 912 4382 l,
921 4315 950 4387 ³!
963 4315 1076 4383 'vilis'
1114 4317 1251 4390 ‘wilmus
1267 4319 1357 4377 Em'l'a

1150 3695 1192 3760 (t)
1215 3691 1249 3743 In
1274 3695 1388 3762 imperiis
1407 3693 1649 3765 magistratibusque.

1113 3777 1190 3830 Recte
1200 3774 1381 3846 interpretatus
1393 3790 1431 3834 est
1441 3783 1593 3850 Heusinger.-
1600 3783 1649 3830 s'm·
