3528 5780
531 429 624 546 340
995 439 1175 504 arrrcvs
1215 375 1243 547 ἰ

529 663 611 750 stri,
627 681 707 761 quo
727 669 808 729 erat
821 669 939 741 ortus,
956 650 998 722 in
1017 647 1231 722 affinitatem
1250 639 1427 746 pervenit
1441 638 1664 736 imperato·

531 780 581 854 ris
598 774 681 851 Divi
699 767 787 862 tilii;
803 773 818 822 ²
837 793 957 872 quum
976 765 1058 837 iam'
1070 777 1158 868 apte
1176 755 1465 850 familiaritatem
1485 752 1566 826 eius
1586 775 1664 821 es-

530 900 586 970 set
605 901 830 966 consecutus
844 880 949 959 nulla
966 877 1038 954 alia
1058 901 1112 976 re,
1127 899 1240 978 quam
1252 870 1439 973 elegantia
1451 868 1663 966 vitae,qua

531 1025 676 1085 ceteros
696 1011 847 1107 ceperat
865 999 1053 1105 principes
1073 993 1244 1100 civitatis,
1257 989 1440 1090 dignitate
1460 985 1554 1088 pari,
1568 979 1663 1064 for-

449 1129 455 1140 '
532 1143 624 1200 tuna
644 1118 854 1197 humiliore.
872 1119 993 1191 Tanta
1002 1115 1103 1189 enim
1114 1109 1343 1216 prosperitas
1353 1105 1543 1179 Caesareus
1561 1121 1662 1170 enm

532 1255 589 1315 est
608 1242 821 1330 consecuta,
848 1246 893 1305 ut
912 1227 1006 1304 nihil
1026 1229 1062 1302 ei
1088 1251 1167 1300 non
1188 1209 1662 1311 tribueritfortuna‚quod

533 1357 713 1458 cuiquam
723 1369 811 1426 aute
831 1347 1030 1437 detulerit3
1047 1361 1085 1420 et
1105 1338 1327 1430 conciliarit,
1344 1333 1451 1440 quod
1470 1329 1656 1404 niviano-

458 1577 462 1586 ·
534 1494 668 1548 manus
686 1471 811 1575 quivit
835 1465 1051 1569 consequi.³
1070 1461 1163 1538 Nata
1183 1474 1239 1534 est
1262 1469 1386 1530 autem
1403 1453 1420 1502 ⁴
1437 1451 1564 1525 Attico
1584 1471 1663 1520 ne-

533 1593 608 1696 ptis
629 1615 676 1664 ex
693 1589 872 1690 Agrippa,
891 1586 952 1658 cui
970 1583 1155 1680 virginem
1173 1573 1286 1650 liliam
1305 1569 1523 1650 collocarat.
1543 1565 1664 1640 Hanc

533 1713 682 1797 Caesar,
699 1699 995 1788 visanniculam‚
1014 1701 1029 1748 ⁵
1047 1693 1203 1771 Tiberio
1222 1687 1379 1766 Claudio
1392 1685 1546 1774 Neroni,
1555 1683 1666 1757 Dru-

534 1811 618 1899 silla
645 1837 748 1908 nato,
775 1821 950 1924 privigno
965 1841 1045 1906 suo,
1062 1807 1285 1916 despondit:
1306 1830 1402 1910 quae
1431 1802 1666 1878 coniunctio

534 1935 855 2013 necessitudinem
874 1959 1006 2013 eorum
1023 1933 1157 2026 sanxit,
1176 1923 1465 2002 familiaritatem
1484 1913 1666 1996 reddidit

428 2143 431 2150 .
535 2053 845 2158 frequentiorem.

569 2270 612 2336 (2)
625 2267 698 2320 Filii·
713 2261 793 2320 atus
810 2263 872 2316 Iulii
890 2280 906 2314 a
927 2259 1016 2313 maslt'ts
1033 2257 1066 2312 li·
1118 2266 1208 2330 potem
1220 2254 1253 2307 sd
1265 2252 1380 2308 Atticum
1390 2248 1488 2304 redires
1500 2245 1665 2302 antecedens

536 2352 600 2422 bris3
617 2367 694 2422 qrrare
710 2352 789 2403 etiam
808 2365 823 2400 a
845 2343 929 2412 Basie,
946 2341 1070 2413 aliisque,
1119 2342 1201 2410 igitur
1216 2336 1335 2409 periodus
1357 2336 1390 2388 de
1416 2335 1524 2402 Caesam
1533 2371 1544 2396 ‚
1568 2331 1663 2402 potius

536 2423 615 2490 uicos
627 2433 739 2488 attraxit.
752 2427 917 2486 contendunt
923 2435 1008 2482 autem
1021 2424 1071 2480 siri
1119 2425 1243 2496 quamde
1256 2425 1350 2486 Attico,
1367 2417 1536 2490 intelligenda
1552 2435 1660 2487 prorsass

537 2523 617 2588 docti,
641 2522 670 2574 in
687 2517 827 2592 primisque
842 2519 929 2570 Bosius
941 2533 972 2566 ex
989 2529 1068 2566 num·
1119 2519 1207 2563 est.-
1221 2507 1322 2578 Neptis.
1333 2507 1423 2574 Quam
1433 2503 1546 2566 Tacitus,
1559 2501 1662 2556 Annal.

456 2605 459 2614 ’
538 2610 627 2661 miset
643 2603 769 2677 lapidibus
789 2602 879 2666 evicit,
898 2600 963 2654 Divi
982 2603 994 2664 (
1011 2599 1033 2650 i.
1047 2613 1071 2649 e·
1120 2597 1143 2656 1,
1164 2597 1203 2660 tt,
1219 2592 1382 2663 Vipsanium3
1398 2589 1538 2642 Suetonius
1550 2583 1579 2638 in
1600 2585 1660 2638 Ti-

537 2691 598 2744 lulii
610 2691 752 2756 Caesaris)
762 2687 852 2760 filium
863 2686 997 2756 proprium
1010 2690 1072 2734 tunc
1120 2675 1193 2732 beria
1205 2679 1265 2742 Vll,
1284 2677 1456 2749 Agrippinam
1473 2683 1555 2738 vocat·
1567 2680 1596 2722 ut
1610 2688 1661 2740 pa·

537 2776 614 2828 luisse
627 2770 921 2846 cognomenOctasiani‚
934 2778 1072 2837 antequem
1120 2762 1169 2816 tria
1184 2765 1198 2831 (
1211 2753 1327 2831 Vipsanii
1351 2757 1491 2832 Agrippae,
1509 2757 1542 2811 tl.
1567 2754 1660 2806 Attico

538 2861 670 2930 Augustus
682 2865 823 2932 secaretur.
838 2848 1073 2923 Nequet'amende·
1121 2846 1170 2902 Xll
1184 2849 1197 2915 )
1213 2863 1265 2900 non
1279 2852 1377 2898 tantum
1392 2860 1499 2908 nomen,
1514 2837 1559 2900 sed
1573 2847 1600 2892 et
1612 2855 1662 2892 eo·

537 2941 724 3003 auntnunsmi,
747 2939 774 2991 in
800 2938 893 3009 quibus
910 2938 971 2990 lulis·
994 2937 1073 3004 etiam
1121 2945 1234 3002 gnomen
1251 2927 1349 2982 tulerit.

540 3025 652 3087 additur,
662 3034 689 3077 et
701 3021 744 3079 vel
754 3023 872 3087 ‘Caesaris
886 3037 982 3074 nomen
1000 3037 1072 3088 prae·
1156 3029 1198 3092 (5)
1215 3025 1270 3079 Vs:
1286 3024 1436 3076 amimam,
1450 3021 1503 3074 vi,
1515 3036 1599 3072 „num
1612 3035 1659 3070 sn.

540 3107 617 3170 cedit,
628 3107 671 3160 vel
679 3104 789 3175 Augusti
801 3105 925 3173 sequitur.
936 3106 966 3157 ln
979 3112 1074 3156 utram·
1122 3125 1187 3160 num
1200 3116 1296 3160 nsum,
1307 3134 1341 3146 -
1357 3105 1459 3158 mmo
1476 3103 1584 3157 Gaudio
1596 3099 1657 3153 Ne.

540 3191 687 3262 que'igitur
711 3199 820 3258 partem·
836 3187 869 3242 de
893 3186 942 3242 ltoe
966 3189 1075 3239 nomine
1123 3191 1196 3255 rossi,
1214 3189 1331 3244 Drusilla
1353 3199 1423 3240 nato.
1451 3186 1526 3238 Livia
1546 3183 1661 3236 Drusilla

541 3276 665 3344 disputari
677 3276 765 3348 pituli,
774 3289 821 3325 nec
832 3269 929 3324 diversi
941 3270 1074 3340 regiminis
1124 3271 1234 3324 duorum
1258 3271 1391 3326 Neronum
1415 3277 1500 3322 mater
1521 3275 1591 3334 ent,
1613 3268 1661 3336 qui

540 3353 651 3426 genitivi
667 3369 767 3406 moram
784 3352 890 3406 faciunt.
901 3352 971 3403 Vero
984 3360 1023 3402 ess
1036 3349 1074 3400 si·
1124 3355 1295 3426 praenomine
1308 3355 1397 3420 Drusi,
1413 3351 1567 3426 cognomine
1581 3351 1660 3403 Tibe·

493 3486 499 3500 ,
541 3435 638 3501 milies,
653 3456 699 3508 per
712 3436 911 3510 eaplieationem
934 3433 1075 3486 accessisse.
1125 3439 1234 3504 [ἤμει
1247 3437 1359 3491 invicem
1373 3436 1588 3489 discernuntur,
1601 3435 1660 3488 Aa.

542 3524 792 3593 'ress-Elegantia
805 3518 1077 3576 vitaevniversimo·
1125 3522 1210 3591 siquos
1237 3536 1369 3574 nummus:
1387 3519 1525 3572 Nestoris.
1549 3517 1661 3570 CLAV·

540 3613 577 3665 n's
602 3607 777 3663 condecentia.
795 3633 829 3648 ·-
853 3599 957 3658 Ceteras
976 3611 1075 3672 ceperat
1126 3601 1661 3660 ntO.D1tVSO.GEttMAN.cos.DEs.

512 3757 514 3762 Ι
540 3698 672 3766 principes.
685 3691 785 3764 Syllam
793 3689 900 3753 seilicet,
914 3688 1075 3757 Pompeium,
1126 3693 1170 3754 Et,
1197 3689 1300 3742 NERO.
1315 3686 1499 3741 cnavmvs.
1515 3683 1660 3737 DRVSVS.

541 3783 674 3832 Caesarem
677 3818 687 3843 ,
699 3775 854 3836 Antoniani
864 3776 971 3826 Brutum
984 3780 1011 3826 et
1029 3773 1078 3824 Ci·
1126 3771 1281 3826 cannati.
1295 3769 1364 3824 ltut‘.
1377 3769 1445 3824 Vide
1453 3777 1561 3822 stemma
1569 3765 1662 3818 domus

541 3879 672 3917 neronem.
1126 3861 1282 3928 Augustese,
1306 3851 1375 3925 quod
1400 3853 1492 3906 Tacito
1507 3869 1554 3906 nso
1578 3853 1661 3904 affixit

577 3949 622 4014 (3)
637 3945 713 4016 Quod
722 3941 1003 4012 eiviallomanusqus'vit
1013 3959 1077 3992 eon·
1123 3939 1259 4014 'quondam
1274 3941 1356 3991 lustus
1369 3939 1525 4007 lipsius·-
1539 3930 1661 3988 Necessi-

541 4033 621 4100 sequi.
637 4028 739 4099 Quippe
756 4027 803 4099 qui
828 4043 860 4078 ex
884 4025 942 4076 cive
960 4027 1077 4075 llumauo
1128 4022 1239 4075 tudinem
1251 4019 1445 4072 ecsausssaneit.
1459 4014 1488 4067 ld
1506 4023 1554 4080 est,
1565 4015 1664 4066 confir·

437 4134 445 4158 t
543 4113 739 4185 potentissimus
755 4122 881 4181 tyrannus
894 4109 1012 4162 evaserit.
1128 4105 1220 4168 mavit,
1230 4101 1364 4157 stabilivit.
1386 4099 1508 4156 Lamlritr.
1521 4093 1665 4168 legendum

576 4201 618 4265 (4)
632 4196 706 4250 Nata
716 4208 753 4248 est
765 4207 848 4249 eutem
866 4196 965 4256 Attieo,
978 4210 1030 4244 non
1043 4189 1076 4254 ei,
1127 4197 1200 4264 putat
1215 4192 1294 4242 auxit
1308 4189 1400 4242 Esses·
1470 4251 1475 4264 .

541 4281 668 4346 ludium,
678 4291 785 4333 enema
798 4277 871 4347 quasi
879 4276 1006 4342 conlecto,
1019 4273 1077 4328 lle-s
