3414 5796
406 423 506 554 298
861 445 1085 514 utentum

403 657 495 738 siliis
521 656 613 750 eius,
630 679 746 761 wem
773 652 813 731 in
833 653 1076 762 suscipiendo
1101 653 1339 753 instituerat,
1365 661 1554 768 propius

403 777 543 867 Tiberi,
564 801 680 879 quam
699 770 979 879 Thermopylis,
1004 775 1052 852 de
1077 801 1219 850 summa
1246 776 1394 882 imperii
1414 777 1539 855 dimi·

405 907 533 970 casset.
559 894 677 987 Quem
705 891 775 965 etsi
802 888 920 964 muita
946 887 1061 966 stulte
1087 891 1243 966 conscii
1275 889 1434 981 videbat,
1461 907 1533 972 te-
1580 914 1604 942 ⁸

404 1035 491 1084 men
519 1007 623 1084 nullo
644 1007 812 1084 descruit
842 1010 881 1080 in
909 1033 962 1080 re.
988 1007 1159 1082 Praefuit
1192 1009 1322 1111 paucis
1343 1007 1529 1105 naribus,

404 1151 496 1228 quas
516 1150 561 1200 cx
580 1125 690 1228 Syria
708 1125 723 1176 θ
741 1127 862 1200 iussus
877 1139 962 1208 erat
989 1125 1029 1196 in
1056 1127 1178 1198 Asiam
1206 1121 1366 1216 duceres
1384 1126 1529 1230 bisque

402 1247 578 1320 adversus
594 1241 830 1320 Rhodiorum
857 1240 1010 1318 elissem
1031 1241 1072 1316 in
1086 1240 1309 1346 Pamphylio
1328 1245 1417 1320 masi
1425 1269 1523 1324 cora·¹

401 1359 507 1436 flixit.
546 1363 634 1456 Quo
679 1385 798 1462 quum
835 1358 1077 1435 multitudine
1112 1357 1412 1438 adversariorum
1437 1345 1524 1438 'sni

397 1652 453 1719 pius
469 1643 562 1700 Tiberi.
578 1645 686 1716 Nempe,
702 1654 766 1700 teste
779 1645 871 1699 eodem
887 1645 930 1700 lu·
983 1643 1079 1720 batque
1087 1645 1228 1699 exercitum
1238 1641 1380 1716 insignibus
1389 1643 1521 1720 argenteis

399 1731 477 1792 stino.
494 1730 602 1802 negabat
625 1731 774 1794 Hannibal.
794 1731 933 1802 sOpprisui
983 1735 1012 1779 et
1025 1726 1109 1780 aureis
1120 1732 1264 1799 ttoreutesn5
1279 1725 1416 1782 iniucehst
1436 1728 1522 1784 etin

401 1815 593 1872 Romwaisi
606 1817 632 1868 in
651 1814 724 1872 itelis
740 1834 848 1886 posses
984 1827 1073 1866 sursus
1088 1829 1149 1866 cum
1176 1810 1299 1876 falcibus.
1321 1821 1347 1868 et
1364 1809 1522 1888 eisgbsntas

984 1909 1045 1946 cum
1069 1892 1182 1946 torribus
1207 1895 1399 1964 equitatumque
1423 1891 1519 1958 irenis,

400 1973 516 2030 Annibal
538 1975 580 2028 i'o
599 1977 699 2047 pretist,
726 1999 884 2047 erorum-eu
906 1999 934 2033 ee
984 1973 1123 2047 ephippiis,
1139 1975 1289 2042 monilibus,
1311 1973 1420 2048 pbtlett's
1433 1993 1518 2044 pm·

608 2083 613 2086 ·
727 2068 813 2136 grand,
824 2067 933 2120 hommes
981 2061 1134 2132 fulgentem.
1151 2064 1236 2135 Atque
1254 2062 1290 2116 ibi
1310 2081 1370 2127 rex,
1389 2070 1509 2114 cautem·

400 2143 584 2200 Jamst'sonns
598 2146 932 2220 vaisrcraierliomoinsqae
981 2146 1095 2218 platinae
1124 2147 1187 2205 tacti
1211 2167 1240 2202 ac
1263 2157 1316 2202 tam
1341 2148 1423 2206 orasti
1434 2163 1512 2204 exer·

761 2235 826 2288 dens
843 2232 932 2288 Rome.
965 2273 970 2285 .
981 2233 1047 2285 citus
1057 2231 1250 2309 gloriabundus,
1258 2230 1430 2290 Hannibalern
1442 2233 1515 2302 sspi-

981 2313 1066 2384 cit‚et,
1081 2313 1516 2388 Putasnetnquitoonserrtpm,

400 2385 683 2456 trihemitonio,
699 2391 761 2448 Aet.
780 2393 882 2458 lll,Sc.
908 2405 931 2448 t.
982 2399 1378 2456 assatisesseesedisliomanis
1391 2401 1515 2456 hesrom
1625 2423 1630 2432 ·

400 2499 435 2514 ·-
452 2473 535 2546 Quam
561 2474 751 2548 Thermopylis.
766 2471 875 2544 'Locus‚
902 2496 932 2530 ex
982 2487 1123 2537 nioiTusu
1140 2484 1239 2538 Poenus
1256 2481 1365 2538 eludens
1384 2481 1517 2558 ignaviam

401 2555 474 2611 Flosi
492 2557 590 2626 verbis,
610 2570 783 2616 trecentorum
801 2564 934 2617 Laeonum
982 2567 1178 2640 imbelliamque
1200 2565 1316 2621 militum
1333 2569 1387 2621 eius
1405 2567 1515 2638 pretiose

402 2643 515 2716 speciosa
528 2643 603 2700 caede
617 2645 799 2702 memorandus
815 2649 885 2714 11‚tt.
983 2635 1153 2708 armatortims
1167 2649 1234 2706 Setis
1244 2653 1330 2724 piane,
1344 2651 1438 2724 inquit,
1449 2653 1514 2703 setis

657 2769 660 2776 ν
983 2733 1519 2798 essscredoRomarsishaecomnia‚etiwtsi

435 2809 477 2878 (t)
493 2807 578 2862 Stulte
593 2814 690 2864 sormi.
705 2810 834 2866 Notautur
843 2811 876 2866 ab
893 2830 934 2868 su·
984 2819 1123 2875 avarissimi
1134 2821 1192 2873 sint.
1206 2815 1277 2872 Nihil
1294 2835 1411 2890 prorsum
1432 2833 1517 2892 neque

400 2891 514 2950 etoribus
527 2893 637 2948 maxime
653 2897 705 2948 otia
717 2906 743 2950 et
756 2895 829 2950 luxus
839 2897 866 2950 in
878 2900 934 2970 ipso
984 2913 1037 2958 tasn
1054 2902 1157 2976 lepide,
1181 2921 1265 2976 neque
1288 2909 1340 2956 tam
1355 2901 1447 2956 acerbe
1464 2901 1519 2956 utet

399 2975 462 3030 belli
475 2994 560 3045 cumn,
576 2978 657 3034 ueluti
668 2997 744 3034 aures
754 2985 868 3036 etserica
880 2993 934 3037 ten·
984 2997 1077 3060 potest.
1091 2989 1145 3042 llex
1160 2985 1192 3040 sle
1203 3005 1311 3042 numero
1323 2983 1450 3039 exercitus
1467 2985 1517 3054 sui,

401 3059 476 3126 toris,
490 3061 612 3117 tibiarum
626 3062 767 3134 lidiumque
784 3075 934 3136 concentus,
984 3070 1053 3126 actis
1065 3071 1269 3144 aequiparatione
1277 3068 1435 3124 aestimaudi
1442 3086 1518 3140 quae·

400 3147 524 3218 nuptiae,
547 3146 652 3204 collatae
669 3152 851 3222 quamvisper
874 3151 932 3206 bie·
984 3156 1070 3212 eierat:
1084 3143 1514 3228 responditliannibaltiegiraedu»

402 3244 474 3280 mem
490 3247 571 3296 rasse,
587 3230 708 3287 convivia
728 3242 792 3298 acta,
817 3232 934 3304 aliaeque

401 3309 556 3386 voluptates,
575 3314 602 3370 iu
624 3335 688 3388 quos
712 3315 792 3370 etiam
810 3319 935 3372 exercitus
1018 3319 1059 3388 (8)
1087 3315 1158 3388 Quas
1173 3336 1206 3370 ee
1228 3313 1321 3390 Syria.
1335 3311 1432 3384 Vutle,
1453 3321 1519 3370 teste

402 3395 497 3452 effusus
517 3401 582 3454 ruit.
604 3400 664 3454 vid.
680 3401 785 3456 Livium
802 3403 934 3470 XXXVI,
983 3400 1058 3457 Livio
1075 3403 1210 3466 xxxvtt,
1234 3402 1259 3474 83
1284 3407 1312 3454 et
1332 3401 1463 3472 Appiano,
1486 3396 1521 3454 tle

401 3487 430 3534 tt
436 3503 446 3548 ,-
458 3479 563 3536 Florum
577 3485 934 3554 u‚s;1uu.xxx1,s.un.
985 3487 1038 3540 reb.
1052 3485 1173 3558 Syriacis,
1186 3503 1210 3540 c.
1229 3490 1261 3538 22
1283 3486 1312 3550 i,
1333 3493 1389 3556 post
1402 3482 1522 3538 navalem

401 3566 455 3620 Huc
470 3565 503 3622 tie
516 3587 545 3622 re
557 3569 617 3625 Aul.
631 3569 701 3626 Geli.
716 3571 790 3626 ttoct.
806 3573 860 3628 est.
877 3571 933 3628 Lib.
986 3571 1018 3624 ad
1035 3571 1180 3642 Corcyrum
1197 3587 1310 3642 pugnum
1332 3569 1427 3626 mistus
1447 3577 1523 3636 etti,

401 3651 435 3714 V.
449 3669 473 3706 c.
485 3657 511 3710 5:
527 3654 578 3708 ulu
591 3652 668 3710 libris
689 3665 810 3712 veterum
830 3669 931 3711 mento·
985 3655 1030 3728 qui
1042 3655 1103 3710 alias
1118 3673 1196 3710 naves
1213 3673 1243 3707 ex
1257 3651 1384 3710 Phoenice
1399 3663 1427 3708 et
1438 3653 1521 3708 Thra·

401 3737 500 3792 riarum
526 3738 650 3814 scripturo
677 3748 715 3798 est
722 3779 733 3804 ,
760 3741 934 3798 Hannibalem
985 3741 1023 3792 cia
1036 3737 1360 3798 arcesseret-Asiversus
1368 3735 1523 3792 Rhodiensem

399 3823 637 3896 Carthaginiensem
649 3826 716 3900 apud
737 3845 826 3900 regem
837 3829 934 3885 Antio-
985 3825 1101 3906 eiassenq.
1117 3823 1244 3878 Describit
1263 3821 1331 3876 bane
1344 3839 1456 3894 pugnam
1472 3820 1520 3872 tt·

400 3910 480 3964 slsum
492 3909 646 3966 facetissime
658 3907 808 3968 cavillatum
823 3932 884 3968 asse.
899 3913 934 3966 Ea
986 3913 1045 3968 sius
1056 3911 1190 3978 XXXVll,
1208 3913 1240 3964 2³
1257 3927 1330 3982 seqq.
1350 3905 1470 3964 montet
1490 3913 1520 3958 ei

400 3989 531 4046 eevissmio
544 3991 722 4046 huiuscemodi
736 3993 794 4048 init.
810 3993 935 4050 Ostende·
987 3995 1119 4068 Appianus
1136 3995 1202 4062 l.c.;
1227 3995 1342 4064 itemque
1368 3991 1474 4048 tostinus
1490 3999 1518 4043 et

400 4075 445 4130 bat
461 4079 486 4132 ei
503 4077 650 4134 Antiochus
673 4082 701 4132 in
729 4097 822 4154 campo
849 4083 936 4154 copias
986 4079 1101 4144 Orosius,
1115 4079 1261 4152 quincto,
1277 4097 1307 4132 ex
1327 4077 1394 4132 liosii
1409 4084 1514 4130 sentem

400 4159 528 4232 ingentes,
540 4181 601 4236 quas
614 4163 713 4217 bellum
727 4163 821 4234 populo
843 4167 936 4220 itoma-
987 4165 1033 4230 tis,
1043 4162 1094 4220 duo
1106 4163 1208 4219 diuersa
1218 4162 1317 4237 praelia
1330 4161 1446 4222 vitientur
1456 4175 1518 4216 oon·

402 4244 563 4306 hausturus
574 4257 777 4324 comparaverat,
796 4259 935 4307 converte·
990 4247 1092 4307 iniisse.
