3618 5776
520 423 609 522 136

842 401 849 412 ⁸
949 449 1196 514 sacratiora

512 677 570 743 se,
610 673 797 752 navesque
811 671 929 754 ‘pene
955 645 1087 722 inanes
1112 641 1289 738 relictas,
1315 659 1461 752 tempus
1488 652 1543 726 rei
1571 676 1662 754 ge.

513 765 655 844 rendae
680 791 760 842 non
785 764 950 856 dimisit,
984 787 1109 868 eoque
1143 762 1289 864 impetn
1325 777 1444 842 totum
1481 764 1654 844 bellum

513 881 663 960 delevit.

563 998 633 1073 IX.
660 1001 709 1074 At
727 998 953 1091 Alcibiades,
980 999 1086 1074 victis
1112 995 1416 1089 Atheniensibus,
1443 1003 1644 1079 nonsatis

513 1129 593 1198 tuta
620 1115 750 1192 eadem
764 1117 847 1192 loca
864 1115 933 1192 sibi
962 1114 1176 1203 arbitratus,
1195 1116 1347 1218 penitus
1373 1118 1415 1190 in
1432 1117 1643 1194 Thraciam

512 1263 551 1315 se
577 1261 693 1338 snpra
718 1233 985 1339 Propontidem
1001 1232 1158 1324 abdidit,
1177 1237 1186 1281 ⁴
1211 1259 1369 1337 sperans
1382 1234 1434 1308 ibi
1449 1232 1632 1312 facillime

513 1379 617 1430 suam
643 1351 834 1429 fortunam
861 1349 983 1426 occuli
1010 1376 1139 1454 posse:
1166 1347 1277 1426 falso.
1316 1353 1410 1427 Nam
1445 1351 1635 1443 Thraces,

511 1489 710 1579 postquam
732 1497 918 1546 eumcum
933 1495 1062 1570 magna
1077 1468 1240 1571 pecunia
1254 1469 1398 1542 venisse
1417 1487 1633 1562 senserunt,

511 1589 665 1666 insidias
686 1591 719 1664 ei
746 1587 942 1664 iecerunt:
971 1587 1039 1688 qui
1057 1613 1121 1678 ea,
1146 1611 1241 1686 quac
1260 1602 1490 1690 apportarat,
1504 1587 1632 1666 abstu-

512 1703 667 1798 lerunt,
684 1733 686 1738 ·
706 1709 830 1810 ipsum
857 1729 989 1804 capere
1018 1727 1097 1776 non
1115 1718 1338 1807 potuerunt.
1365 1701 1434 1778 Ille
1455 1729 1630 1797 cernens,

513 1819 658 1897 nullum
679 1820 808 1899 locum
835 1820 904 1896 sibi
925 1836 1047 1895 tutum
1067 1821 1107 1894 in
1133 1821 1291 1894 Graecia
1309 1835 1467 1922 propter
1486 1836 1625 1923 poten·

516 1938 604 2012 tiam
631 1938 1029 2025 Lacedaemoniorum,
1047 1938 1062 1988 ²
1090 1934 1138 2008 ad
1158 1932 1436 2010 Pharnabazum
1449 1937 1488 2009 in
1502 1937 1625 2013 Asiam

515 2054 676 2130 transiit.
692 2058 812 2150 Quem
826 2053 977 2154 quidem
989 2049 1083 2126 adeo
1096 2077 1164 2126 sua
1181 2053 1283 2154 cepit
1293 2049 1533 2143 humanitate,
1550 2057 1565 2106 ³
1582 2060 1626 2128 ut

514 2175 731 2246 eum'nemo
748 2173 787 2244 in
805 2171 965 2246 amicitia
985 2166 1237 2244 antecederet.
1259 2165 1432 2270 Namque
1457 2170 1492 2242 ei
1513 2170 1624 2242 Gru·

513 2289 618 2363 nium
646 2288 815 2380 dederat,
842 2291 882 2364 in
901 2286 1069 2389 Phrygia·
1090 2295 1266 2372 castrum,
1286 2310 1333 2359 ex
1346 2311 1424 2386 quo
1439 2285 1629 2388 quinqua·

512 2428 609 2506 gena
632 2403 775 2480 talentu
801 2400 991 2507 vectigalis
1017 2400 1199 2504 capiebat.
1231 2402 1316 2494 Qua
1335 2398 1493 2475 fortuna
1522 2400 1626 2478 Alci·

512 2518 640 2598 biades
657 2548 734 2596 non
753 2536 835 2596 erat
854 2534 1068 2608 contentus,
1089 2543 1216 2620 neque
1233 2515 1398 2592 Athenas
1417 2519 1534 2592 victas
1553 2519 1623 2592 La·

513 2635 765 2715 cedaemoniis
792 2640 936 2715 servire
963 2648 1115 2740 poterat
1140 2636 1229 2736 pati.
1248 2635 1380 2736 Itaque
1399 2635 1445 2708 ad
1472 2636 1628 2735 patriam

511 2750 743 2831 liberandam
764 2757 867 2831 omni
878 2752 1075 2830 ferebatur
1087 2752 1326 2854 cogitationes
1340 2748 1414 2826 Sed
1430 2748 1579 2828 videbat
1591 2749 1636 2826 id

512 2869 591 2943 sinc
618 2875 729 2974 rege⁴
756 2873 953 2946 Persarum
978 2893 1059 2944 non
1088 2893 1195 2968 posse
1228 2865 1327 2957 fieri3
1347 2863 1510 2969 ideoque
1543 2895 1628 2942 eum

546 3123 589 3190 (t)
606 3121 711 3176 Penitus
732 3128 759 3175 iu
781 3123 809 3176 T
807 3125 918 3176 brociam
931 3145 957 3178 se
973 3145 1046 3196 aspro

510 3203 698 3275 Propontidem
717 3207 822 3259 abdidit.
838 3206 999 3262 Alcibiadem
1017 3209 1045 3261 iu

511 3289 660 3362 Bithyniam
673 3292 830 3362 profugisse,
847 3291 933 3361 ibique
946 3311 959 3343 a
975 3297 1040 3348 Tru·

510 3371 584 3428 cibus
599 3373 678 3426 suisse
694 3373 830 3442 spoliatum
849 3375 925 3428 tradit
938 3375 1042 3428 Plutar-

514 3455 586 3511 chus.
603 3456 676 3526 Quod
695 3475 748 3510 non
774 3477 876 3528 prorsus
898 3478 913 3511 a
938 3459 1044 3530 Nepotis

511 3550 600 3594 mente
618 3539 730 3594 alienum
745 3551 791 3597 est.
809 3543 875 3596 Nam
893 3553 920 3595 et
933 3545 1044 3599 Thraces

509 3622 647 3694 Bithyniae
669 3637 768 3696 partem
789 3626 945 3693 incolebant,
966 3639 1042 3700 atque

476 3719 484 3734 ·
509 3703 557 3775 ipsi
570 3705 684 3760 Thraces
701 3708 807 3781 Bithyni
824 3708 896 3775 dicti,
907 3718 1042 3781 postquam

509 3789 538 3842 in
550 3789 638 3844 Asiam
653 3792 866 3848 transfretassent.
880 3793 956 3848 vnde
967 3794 1043 3850 Clau.

510 3871 612 3938 dirutas,
629 3873 658 3928 in
670 3877 775 3946 Eutrop.
790 3877 822 3941 tt,
837 3882 896 3943 2472

510 4001 599 4084 Ttynt
614 4005 724 4066 Thraces
741 4019 822 4074 aaut
837 4027 978 4170 ittuntm'sw
995 4011 1043 4066 Bt-

865 4113 901 4170 γη
912 4114 930 4150 a
962 4107 1035 4154 estur·

511 4201 584 4264 Atta
601 4206 700 4276 Plini,
712 4217 794 4271 th·-
809 4210 886 4272 Suam
901 4215 1042 4291 sumnam.

510 4288 579 4364 Opes
592 4292 694 4356 salliuet.

1128 3124 1172 3190 (2)
1189 3121 1303 3191 Propter
1313 3128 1450 3192 potentium
1463 3123 1627 3178 Lamdaeuro·

1095 3209 1201 3257 nicrum.
1210 3207 1272 3273 Qui,
1292 3205 1399 3261 deuictis
1417 3206 1628 3273 Atheniensibus,

1095 3298 1121 3341 et
1134 3299 1214 3342 terrae
1232 3300 1257 3342 et
1271 3291 1350 3344 maris
1368 3292 1507 3362 imperium
1527 3292 1627 3346 obtine·

1094 3372 1205 3428 bant-
1217 3374 1250 3426 ln
1262 3376 1360 3428 Asiam.
1376 3377 1477 3446 Nempe
1497 3379 1526 3429 in
1544 3377 1626 3448 Phry·

1094 3455 1178 3524 giam,
1193 3458 1221 3510 in
1239 3475 1289 3529 qua
1306 3468 1378 3522 tum,
1404 3457 1539 3512 Plutarcho
1556 3469 1629 3524 teste,

1093 3551 1147 3592 erat
1164 3541 1352 3610 Pharnabazus,
1362 3561 1411 3611 quo
1422 3541 1538 3596 adiutore
1552 3555 1579 3597 et
1591 3547 1627 3596 ia·

1094 3636 1208 3697 terprete
1224 3628 1342 3700 sperabat
1358 3629 1420 3690 sorr.
1433 3639 1461 3682 ut
1479 3629 1530 3683 sibi
1542 3629 1574 3682 ad
1582 3630 1629 3682 Ar·

1097 3720 1226 3764 taxerxern
1243 3719 1341 3781 pateret
1353 3711 1443 3764 aditus.

1128 3795 1170 3862 (3)
1183 3795 1260 3846 Adeo
1274 3815 1318 3848 sua
1330 3801 1394 3866 cepit
1406 3797 1568 3852 humanitate.
1577 3799 1627 3852 Seu

1094 3877 1178 3945 potius
1190 3877 1314 3950 singulari
1328 3879 1440 3950 quadarn
1453 3883 1480 3934 vi
1492 3883 1521 3934 in
1535 3883 1627 3936 animis

1093 3962 1140 4016 sibi
1155 3963 1329 4034 conciliandis,
1352 3965 1385 4019 de
1399 3986 1447 4042 qua
1468 3966 1545 4039 plurn
1557 3968 1625 4024 Mat.

1095 4067 1189 4104 vesssu
1201 4055 1285 4123 phil
1300 4060 1326 4106 et
1335 4070 1408 4128 seqq.

1127 4135 1170 4205 (t)
1182 4132 1628 4208 negatorumtuaraaattn·

1094 4234 1181 4287 mone,
1194 4217 1250 4294 qui,
1264 4219 1334 4295 Cyro
1353 4221 1431 4280 traua
1452 4222 1530 4292 ricto,
1550 4223 1627 4283 unta

1095 4304 1160 4381 patri
1172 4315 1330 4364 marcuerat.
1343 4311 1482 4369 arcanea.
