3398 5640
881 474 1150 545 curruum

813 682 1004 765 mmo
1027 678 1221 774 milon,

790 948 865 1001 rm.
891 944 950 1016 rr,
975 942 1089 999 uuor.
1115 940 1242 994 nuru.

1108 1088 1123 1123 Ι

511 1156 719 1231 Herennius
744 1136 927 1247 Seruius,
951 1154 1012 1227 sir
1035 1150 1281 1241 eccuoines,
1309 1154 1433 1254 magni
1460 1151 1577 1227 aesti-

461 1288 538 1349 mat
561 1274 601 1348 in
628 1269 856 1348 bibliotheca
882 1299 948 1347 sua
966 1294 1109 1376 ponere
1141 1270 1318 1369 imagines
1338 1270 1577 1373 municipum

461 1406 634 1479 tuorum,
659 1388 822 1469 Cornelii
849 1390 1004 1493 Nepotis
1036 1394 1076 1463 st
1101 1385 1179 1461 Titi
1203 1385 1315 1459 cneii
1328 1413 1339 1474 3
1376 1387 1577 1491 petitque,

462 1511 491 1582 si
519 1507 594 1581 sint
618 1506 717 1595 istic,
744 1520 788 1580 ut
807 1530 886 1581 esse
912 1501 1091 1580 credibile
1116 1516 1188 1592 est,
1208 1500 1467 1578 exscribendas
1485 1507 1577 1608 pin-

463 1620 682 1726 gendasque
713 1619 892 1724 delegem.
930 1624 1053 1716 Quem
1081 1642 1212 1693 curam
1245 1617 1315 1691 tihi
1341 1621 1574 1721 potissimum

464 1741 640 1842 iniungo:
655 1740 817 1843 primum
832 1740 920 1841 quia
933 1735 1127 1812 desideriis
1137 1736 1226 1809 meis
1241 1736 1457 1811 amicissime
1469 1736 1579 1813 obse-

459 1858 614 1961 ,quaein
640 1854 777 1933 deiude
792 1859 881 1959 quia
899 1855 968 1931 tibi
994 1853 1206 1930 studiorum
1231 1878 1374 1949 summa
1402 1878 1579 1931 moeren-

467 1977 538 2065 ria,
563 1999 727 2049 summus
747 2001 851 2048 amor
868 1973 1114 2049 studiosorum
1127 2001 1138 2063 ;
1166 1992 1357 2079 postremo
1384 1972 1489 2077 quod
1510 2003 1578 2079 pa·

467 2091 577 2167 triam
605 2105 706 2163 tuam
733 2114 959 2193 omnesque,
992 2091 1059 2189 qui
1085 2112 1227 2167 nornen
1252 2091 1332 2165 eius
1360 2106 1576 2183 auxerunt,

467 2223 513 2282 ut
528 2209 686 2312 patrium
712 2208 848 2310 ipsam,
876 2207 1064 2284 veneraris
1082 2213 1122 2282 et
1139 2202 1273 2309 diligis.

468 2502 487 2537 ι
770 2491 888 2558 ruere,
912 2492 982 2542 mu.
1009 2492 1054 2558 v,
1079 2489 1197 2543 uersu.
1215 2488 1269 2544 111.

517 2674 602 2749 Scio
637 2699 718 2750 non
751 2677 942 2777 corrumpi
968 2679 1007 2753 in
1034 2673 1220 2768 deterius,
1247 2699 1346 2777 quae
1373 2672 1579 2777 aliquando

469 2791 579 2865 eiiam
598 2819 618 2863 a
638 2790 768 2880 malis,
793 2794 857 2867 sed
883 2792 1042 2871 honeste
1067 2819 1243 2883 manere,
1270 2818 1367 2894 quae
1393 2796 1580 2895 saepiusa

468 2906 577 2981 bonis
603 2903 709 2979 fiunt.
752 2906 858 2979 Inter
883 2930 981 3008 quos
1008 2905 1067 2982 vel
1094 2908 1298 3012 praecipue
1328 2909 1579 2984 numerandus

456 3038 526 3099 -eet
548 3024 590 3096 Ρ.
618 3018 814 3125 Virgilius,
839 3019 1038 3097 Cornelius
1062 3024 1209 3125 Nepos,
1236 3042 1276 3098 et
1299 3029 1408 3132 prius
1432 3026 1580 3099 Ennius

459 3141 698 3245 :saciusque
724 3164 804 3217 nou
830 3140 983 3241 quidem
1006 3139 1282 3236 herceatores,
1316 3146 1381 3221 sed
1406 3143 1581 3221 sanctitas

468 3282 617 3336 morum
640 3281 722 3333 nou
746 3257 858 3339 distat
883 3256 1092 3335 ordinibus.

883 3518 928 3591 A.
954 3516 1177 3610 aeuum,

490 3782 496 3795 =
591 3756 594 3761 ’
662 3754 742 3814 ΗΕ.
768 3758 818 3813 XV
853 3762 961 3816 ROGT·
986 3762 1108 3815 A'Hlil.
1136 3760 1215 3813 GM.
1245 3762 1378 3816 xxvm·

493 3952 718 4033 ¹(he-uelim
742 3955 872 4062 Nepos
896 3976 937 4036 et
958 3972 1089 4036 nrum
1114 3958 1321 4037 memorisd
1342 3978 1423 4031 non
1448 3954 1578 4033 indili-

468 4099 577 4179 gens,
602 4089 641 4151 et
665 4074 716 4150 M.
742 4076 952 4171 Ciceronis,
978 4077 1115 4185 utqui
1142 4079 1323 4175 maxime,
1350 4076 1489 4153 amicus
1519 4075 1577 4150 fa-

467 4188 694 4301 miliarisquc
720 4187 806 4270 fuir.
