3660 5740
461 527 937 627 nsuonnnuourrora
1207 465 1269 610 33

156 745 304 850 operis:
329 775 356 815 tc
372 679 424 824 lh
441 775 512 854 ego
538 745 663 829 Guido
689 749 734 824 de
760 745 945 824 Columna
965 742 1080 822 iudex
1106 745 1152 822 de
1169 749 1267 822 Mes-

152 891 242 940 sana
267 863 508 969 praedictum
532 869 657 944 Ditem
681 864 856 970 (Dictyn)
876 863 1068 942 Graecum
1085 865 1125 938 in
1151 869 1273 942 omni·

151 979 224 1057 hus
250 1007 330 1060 sum
356 991 527 1078 secutus,
550 1009 627 1093 pro
649 1009 696 1060 eo
722 982 828 1087 quod
855 985 936 1088 ipse
961 983 1066 1058 Ditcs
1092 982 1273 1090 (Dictys)

152 1099 367 1202 perlectum
386 1111 425 1180 et
451 1099 682 1206 completum
699 1099 1031 1180 fecitiu‘omnibus
1052 1125 1149 1204 opus
1163 1125 1275 1178 soum

153 1214 202 1292 ad
216 1213 430 1298 litterarum
455 1215 848 1311 videlicetsolatinm,
874 1237 919 1296 ut
942 1244 1068 1296 veram
1096 1217 1273 1296 notitiam

149 1333 313 1414 habeant
339 1339 546 1444 praesentis
572 1336 783 1428 Historiae,
808 1344 850 1412 et
867 1353 913 1412 ut
939 1338 1053 1440 magis
1078 1333 1271 1416 delecten-

127 1449 129 1454 ’
152 1467 218 1530 tur
230 1455 271 1528 in
284 1455 376 1558 ipsa.
390 1457 440 1531 Et
450 1480 519 1559 ego
528 1453 722 1530 historiam
736 1452 851 1553 ipsam
866 1477 1056 1529 ornassem
1071 1453 1273 1530 dictamine

151 1567 362 1672 pulchriori
387 1597 458 1676 per
483 1572 684 1676 ampliores
711 1569 950 1674 metaphoras
977 1575 1017 1644 et
1042 1568 1212 1661 colores,
1236 1588 1276 1647 et
1405 1623 1414 1642 .

151 1713 223 1790 per
239 1689 551 1791 transgressiones
566 1701 829 1778 occurrentes»,
856 1710 955 1790 quae
968 1685 1084 1790 ipsius
1102 1687 1272 1762 dictami-
1343 1784 1351 1798 .

152 1806 210 1880 nis
229 1811 319 1880 suut
336 1807 518 1910 picturae.
535 1802 610 1880 Sed
622 1805 776 1880 territus
797 1829 842 1879 ex
862 1802 1123 1906 magnitudine
1141 1807 1272 1909 operis

61 1987 64 1994 .
150 1936 222 1996 etc.
240 1952 267 1988 υ
291 1920 377 1998 Non
402 1921 603 1998 intermisit
629 1929 759 1997 tamen
782 1919 909 1997 Guido
935 1922 1037 1996 varia
1056 1945 1104 1994 ex
1121 1941 1268 1996 srm'se-

150 2035 303 2142 colique
322 2038 381 2114 sui
408 2038 562 2142 iugenio
576 2043 767 2131 attexere,
784 2053 828 2112 ut
845 2035 980 2114 lectori
994 2043 1145 2114 attento
1159 2036 1273 2112 facile

149 2153 305 2256 patebit.
327 2152 460 2277 Ital‘ffe
487 2152 612 2231 lucem
630 2155 723 2232 vidit
739 2155 908 2230 Venetiis
948 2155 1058 2254 1481,
1085 2153 1150 2230 fot.
1176 2157 1273 2230 Ger·

151 2271 320 2363 manicae
359 2271 540 2350 versionis
566 2273 645 2346 MS.
672 2269 712 2346 in
746 2270 840 2345 Bibl.
877 2271 1056 2346 Caesarea
1100 2265 1273 2348 meminit

46 2441 48 2446 .
152 2385 375 2462 Lambecius
407 2401 434 2464 t.
461 2389 515 2480 Π,
540 2415 579 2492 p.
592 2385 680 2488 946.
702 2389 857 2466 Latinos
872 2387 1030 2466 Codices
1047 2389 1152 2469 MSS.
1178 2387 1266 2464 lau-

72 2559 76 2566 ·
153 2502 218 2578 dat
243 2505 435 2606 Mongitor
470 2521 496 2580 t.
521 2505 540 2576 I
564 2502 656 2578 Bibl.
683 2504 853 2598 Siculae,
880 2533 920 2609 p.
950 2506 1037 2582 266.

202 2621 249 2694 In
274 2623 400 2697 Lucae
415 2621 592 2696 Dacherii
609 2619 822 2723 spicilegio,
850 2623 963 2710 clv,
981 2648 1019 2722 p.
1038 2618 1127 2717 485,
1142 2621 1273 2696 Histo-

151 2741 214 2812 ria
239 2739 418 2833 Homeri,
443 2735 507 2810 uhi
523 2735 611 2810 dicit
626 2734 821 2832 etDares,
838 2732 1039 2840 legendum
1052 2735 1116 2811 ubi
1132 2737 1273 2836 Dictys

151 2865 188 2926 et
210 2849 356 2932 Dares,
381 2858 425 2926 ut
451 2851 524 2926 iam
542 2856 716 2928 notatum
732 2848 868 2926 Paullo
885 2850 1097 2926 Colomesio
1114 2851 1155 2926 in
1173 2849 1271 2928 Bibl.

150 2965 309 3057 selecta,
335 2993 373 3070 p.
404 2964 489 3042 168.

199 3087 265 3161 111.
287 3082 400 3164 Falso
419 3107 578 3187 quoque
596 3083 653 3162 uti
668 3077 717 3156 ad
725 3076 983 3171 Alexandrum
1000 3087 1052 3160 M.
1063 3093 1271 3182 auctorem,

150 3203 269 3278 sicud
295 3198 514 3280 Cornelium
540 3202 727 3302 Nepotem
752 3211 929 3302 tanquam
945 3201 1195 3305 interpretem
1209 3232 1270 3278 re·

150 3315 276 3394 fertur
305 3314 556 3392 commentitia
581 3309 760 3414 Epistola*
783 3313 829 3387 de
861 3313 1271 3506 mirabihhusdndiae,
1324 3408 1329 3432 ι

153 3461 239 3510 cum
252 3433 513 3537 inscriptione:
530 3425 745 3504 Alexander
754 3430 914 3532 Magnus
933 3429 1096 3507 Aristote
1127 3459 1269 3537 ,prae-

153 3552 301 3654 ceptori
328 3574 419 3639 suo,
443 3543 603 3624 salutem
630 3542 735 3619 dicit.
769 3535 914 3620 Graete
947 3571 1147 3650 nunquam
1174 3548 1270 3631 vidit

153 3665 278 3744 lucem
290 3694 302 3758 3
329 3664 444 3742 latine
469 3687 582 3752 vero,
602 3675 753 3764 praeter
778 3661 960 3739 editiones
980 3667 1021 3738 iu
1036 3663 1270 3744 Bibliotheca

154 3784 316 3878 Graeca,
342 3772 489 3871 lib.'11,
514 3803 548 3856 c.
574 3779 635 3869 X,
664 3785 755 3854 sect.
785 3797 802 3852 t
810 3801 852 3870 7,
879 3803 902 3850 a
928 3803 988 3852 me
1022 3798 1267 3874 meinoratas,

155 3921 292 3974 excusa
319 3909 374 3971 est
404 3918 530 3997 nuper
555 3894 704 3968 Giessae
728 3889 953 3982 Bassorum,
985 3894 1101 3988 1706,
1127 3898 1174 3990 8,
1200 3921 1269 3971 cu-

153 4022 262 4091 rante
285 4011 437 4089 Andrea
453 4007 651 4103 Paullino,
676 4009 742 4112 qui
769 4031 839 4084 nec
856 4004 905 4082 de
932 4015 1103 4107 auctme,
1120 4035 1193 4088 nec
1220 4008 1270 4086 de

155 4135 366 4237 interprete
376 4127 638 4232 ambigendum
651 4127 825 4216 ratus,in
837 4121 1271 4205 scholaDarmstadiensi

157 4277 237 4328 eam
268 4251 488 4356 praelegere
521 4241 715 4352 discipulis
741 4244 815 4320 suis
848 4244 1019 4327 instituit.
1045 4249 1271 4354 Quanquam

157 4395 250 4464 veto
259 4367 544 4576 arnmppptssp
555 4367 626 4450 hac
634 4359 805 4472 Epistula
815 4359 890 4470 legi
903 4363 1088 4527 pleraque
1099 4365 1271 4566 hircipsce·
