3528 5780
475 505 572 602 352
909 529 1170 592 essecestra

471 733 652 839 liscisque
671 729 756 810 fuit.
774 731 937 836 Atqneis
948 733 1124 808 tersenis
1135 731 1259 836 primo
1274 726 1473 826 librorum,
1491 755 1596 834 quos

472 853 521 930 de
539 858 614 933 vita
632 851 734 929 illius
745 850 972 954 composuit,
991 874 1135 924 errasse
1155 857 1165 901 ⁴
1187 847 1350 946 ridetur,
1369 873 1486 951 quum
1500 875 1597 926 eom

471 972 623 1074 scripsit
651 986 730 1044 tres
752 983 791 1044 et
816 967 949 1068 viginti
967 985 1087 1044 annos
1106 979 1236 1040 netum
1262 966 1421 1070 primam
1440 989 1597 1042 causum

470 1085 604 1166 iudicii
623 1084 769 1192 publici
783 1085 912 1187 egisse,
930 1084 1161 1182 Sextumque
1186 1083 1382 1176 Roscium,
1398 1081 1597 1186 parricidii

471 1229 598 1296 reum,
613 1199 836 1278 defendisse.
856 1197 1000 1276 Gellius
1025 1198 1111 1290 XV,
1133 1197 1201 1296 u8,
1217 1223 1275 1306 pr.

522 1321 677 1396 Frustra
695 1315 863 1394 Tullium
881 1313 1115 1420 suspicimus.
1131 1312 1264 1390 Refert
1280 1311 1382 1388 enim
1389 1311 1597 1392 Cornelius

473 1436 614 1542 Nepos,
625 1449 882 1540 sepraesente,
894 1429 1026 1508 iisdem
1042 1415 1065 1481 ¹
1077 1455 1175 1534 pene
1193 1427 1476 1532 verbis,quibus
1489 1429 1597 1506 edita

474 1567 544 1642 est,
562 1577 643 1628 eam
660 1578 733 1656 pro
750 1545 1320 1639 Cornelio‚seditiosoTribuno,
1331 1543 1599 1623 defensionem

473 1656 700 1772 perorstam.
738 1671 993 1784 Hisponynms
1028 1663 1133 1766 epist.
1158 1661 1300 1740 LXXI
1320 1663 1376 1740 ad
1397 1661 1594 1738 Pamma«

472 1783 609 1878 clu'um,
633 1782 725 1882 oft.
880 1797 886 1812 ’

803 1985 1029 2062 CORNELII
1052 1977 1258 2062 NEPOTIS

603 2181 606 2188 ⁵
678 2213 788 2264 muts
807 2211 822 2262 1
839 2197 1096 2264 nrrsrotaevre
1113 2207 1164 2262 to
1176 2209 1385 2264 orcesorssu

414 2479 416 2493 Ι
481 2463 484 2468 ,
522 2395 569 2470 V.
595 2393 757 2470 Tantum
786 2370 987 2484 abest,.ut⁸
1006 2417 1077 2494 ego
1094 2383 1337 2495 magistram⁴
1359 2417 1439 2470 esse
1459 2407 1599 2500 putem

417 2510 423 2521 '
472 2511 573 2586 sitae
592 2507 882 2617 philosophiam,
901 2511 1110 2611 beataeque
1128 2510 1224 2584 ritae
1243 2507 1525 2616 perfectricem,
1552 2529 1599 2588 ut

427 2681 428 2689 .
472 2626 585 2702 nullis
615 2631 732 2731 magis
758 2630 963 2704 existimem
993 2649 1089 2730 opus
1106 2650 1185 2701 esse
1213 2625 1396 2728 magistris
1415 2625 1599 2718 vivendi,

472 2769 583 2844 quarn
604 2744 807 2848 plerisque,
827 2747 894 2848 qui
904 2747 943 2818 in
955 2769 997 2817 ea
1008 2741 1231 2846 disputanda
1240 2761 1450 2821 versantur.
1467 2743 1598 2821 Video

472 2863 572 2934 eninr
589 2887 761 2964 magnam
776 2879 919 2964 partem
932 2885 1077 2948 eorum,
1097 2859 1166 2962 qui
1182 2859 1223 2932 in
1239 2859 1364 2936 schola
1375 2859 1424 2936 de
1441 2858 1597 2966 pudore

213 3035 215 3042 ,
339 3021 346 3034 =
430 2985 512 3054 'et
523 2981 755 3055 continentia
768 2980 1003 3082 praecipiant
1023 2977 1269 3078 argutissime,
1286 2978 1437 3055 eosdem
1450 2981 1491 3052 in
1512 3005 1598 3055 oro-

470 3095 578 3167 nium
604 3092 800 3169 libidinum
818 3089 1088 3198 cupiditatibus
1101 3093 1242 3172 uivere.
1264 3091 1492 3193 mecetius
1506 3097 1596 3175 Diu.

469 3210 584 3285 insuia
611 3209 774 3302 III,15,
804 3235 861 3287 10.

502 3438 548 3505 (t)
561 3437 685 3494 ferram.
696 3441 773 3492 Recte
785 3437 879 3493 iudicet
894 3436 1002 3492 Gellius.
1053 3453 1136 3490 unum
1152 3444 1249 3508 temen,
1266 3424 1413 3494 coarctasse:
1434 3440 1595 3508 Frsgments

468 3522 573 3590 Nesope
591 3519 691 3587 Cicero,
708 3519 835 3591 Caepione
857 3532 883 3576 et
892 3523 1004 3574 Serrano
1055 3521 1110 3574 eius
1121 3521 1236 3576 merit
1248 3523 1375 3578 Asconius
1384 3521 1593 3580 Pedianusru.

469 3600 617 3656 oonsulibus
628 3606 640 3672 (
651 3603 683 3656 Α.
697 3603 729 3656 V.
747 3606 806 3666 646,
822 3604 898 3672 Cst.)
912 3609 1002 3664 natus,
1052 3605 1075 3658 E
1093 3604 1192 3659 Scbotti
1203 3617 1343 3660 comment.

467 3685 586 3737 Roscium
614 3682 730 3744 defendit
753 3683 823 3738 Sulls
845 3696 872 3739 et
894 3681 1004 3738 Metello
1086 3689 1249 3761 (Ostorius
1260 3691 1593 3764 dagmsgomg'wem,

467 3765 614 3820 consulibus
631 3768 679 3835 (A.
693 3769 725 3821 V.
743 3771 814 3837 672);
839 3768 920 3840 igitur
937 3776 1003 3821 tuuc
1053 3781 1106 3826 etc.
1118 3775 1186 3828 tinec
1198 3775 1328 3845 scripsisse
1345 3775 1458 3842 videtur,
1470 3786 1502 3830 ut
1519 3795 1592 3830 eon-

466 3861 542 3905 ustus
552 3871 632 3906 annos
648 3857 690 3907 27.
704 3855 765 3906 Τις.
1052 3855 1192 3910 trudieeret
1212 3857 1253 3912 bis
1272 3858 1328 3914 Cic.
1339 3857 1436 3912 sertin
1456 3859 1501 3913 10
1519 3860 1595 3915 vitae

501 3938 545 4004 (2)
558 3935 661 3990 Iisdem.
678 3937 753 4006 Quod
767 3947 855 3992 conus
867 3938 950 3992 sertus
966 3937 1001 3992 de
1050 3940 1215 4013 pbilosophis
1226 3939 1292 3996 dns!
1317 3961 1335 3996 o
1352 3943 1456 4000 virtutis
1471 3944 1595 4016 indege-

466 4015 618 4084 blilopisns,
636 4021 683 4076 etsi
708 4031 733 4076 et
755 4021 796 4076 bic
812 4023 999 4078 dubitationem
1052 4024 1140 4078 triste
1159 4034 1208 4080 ete.
1225 4025 1333 4084 Tuscul.
1349 4037 1446 4100 quaest.
1458 4029 1493 4094 V,
1507 4033 1534 4095 23
1548 4039 1592 4094 et,

466 4100 551 4156 inlicit
565 4103 673 4168 Plinius,
687 4106 760 4176 epist.
777 4111 799 4170 1,
812 4112 855 4171 tu;
871 4107 916 4180 qui
930 4107 998 4160 affir·
1054 4108 1110 4162 rin
1127 4128 1158 4163 eo
1182 4115 1308 4181 magistro
1330 4113 1400 4165 uitae
1423 4119 1463 4166 tot
1484 4113 1593 4168 steorte

466 4193 519 4236 snat
536 4185 700 4248 Ciceronem,
712 4207 779 4260 quse
792 4191 932 4262 perplures
944 4190 1000 4244 dies
1049 4203 1212 4264 permaneret
1228 4194 1399 4269 pbilosophis.
1413 4215 1425 4248 ι
1443 4197 1481 4250 Et
1491 4193 1593 4253 iisdem

465 4257 541 4316 latius
555 4263 658 4330 dixerit,
675 4277 732 4337 post
748 4267 827 4322 reclus
848 4288 877 4324 ac
892 4279 1000 4342 purgate
1049 4283 1143 4349 quaest.
1155 4277 1190 4343 ll,
1204 4281 1228 4334 5.

465 4343 494 4396 iu
507 4363 587 4399 unum
608 4347 715 4414 librum,
731 4350 855 4421 grandem
872 4353 997 4424 quidem,
