3660 5740
541 511 607 612 82
931 539 1257 608 runutarootte

430 781 434 788 ·
541 770 639 852 quos
658 765 844 824 sommum
863 747 1066 852 imperium
1085 763 1189 824 erat:
1206 763 1323 852 atque
1355 745 1458 852 apud
1486 773 1552 826 cos
1571 773 1665 828 con·

540 861 675 955 tendit,
693 862 786 942 falsa
805 867 862 942 his
879 892 958 943 csse
975 865 1100 944 delata
1111 895 1121 959 ;
1140 893 1258 968 quare
1279 892 1444 968 aequum
1464 894 1556 963 esee,
1575 866 1663 947 illos

513 982 640 1064 ,viros
652 971 780 1060 ¹latinos
797 980 1020 1088 nobilesque
1038 985 1209 1072 mittere,
1235 982 1374 1082 quibus
1393 978 1487 1058 fides
1506 983 1662 1058 habere·

540 1114 616 1190 tur,
630 1099 699 1204 qui
718 1125 797 1176 rem
818 1099 1065 1207 explorarent
1076 1129 1087 1192 ;
1107 1102 1253 1178 interea
1273 1125 1312 1176 sc
1331 1097 1503 1176 obsidem
1522 1089 1664 1178 retine-

540 1233 640 1296 rent.
666 1215 808 1296 Gestus
822 1236 878 1296 est
895 1219 930 1296 ei
957 1245 1049 1313 mos,
1067 1221 1082 1268 ³
1100 1235 1253 1324 tresque
1272 1216 1395 1320 legati,
1411 1217 1535 1296 iuncti
1555 1245 1661 1296 sum·

540 1336 609 1410 mis
626 1335 849 1430 honoribus,
866 1337 1034 1414 Athenas
1051 1338 1152 1414 missi
1171 1351 1270 1414 sunt.
1299 1337 1396 1412 Cum
1422 1336 1481 1412 his
1500 1335 1665 1440 collegas

539 1477 627 1534 snos
645 1453 918 1534 Themistocles
937 1457 1043 1532 iussit
1053 1455 1264 1561 proficisci;
1283 1455 1413 1557 eisque
1426 1454 1627 1560 praedixit,
1646 1459 1662 1507 ⁴

540 1589 586 1648 nt
603 1575 772 1678 naprins
803 1573 1191 1652 Lacedaemoniorum
1219 1573 1364 1676 legatos
1399 1573 1662 1666 dimitterent,

540 1717 656 1794 quam
677 1693 758 1795 ipse
777 1709 875 1770 esset
889 1694 1078 1770 remissus.
1095 1693 1171 1768 Hos
1185 1684 1386 1796 postquam
1399 1693 1568 1770 Athenas
1582 1719 1666 1794 per·

539 1808 686 1884 venisse
707 1827 893 1906 natusest,
913 1809 962 1886 ad
980 1811 1235 1914 magistratum
1253 1815 1531 1916 senatumque⁵
1548 1814 1666 1890 Lacc-

449 1979 463 1998 .
539 1921 825 2004 daemoniorum
853 1928 947 2006 adiit
959 1987 972 2022 ,
1004 1945 1042 2004 et
1062 1925 1166 2033 apud
1185 1955 1249 2004 eoa
1269 1927 1461 2004 liberrime
1475 1927 1666 2032 professus

539 2060 619 2120 ast:
645 2073 671 2114 ee
685 2044 934 2122 Athenienses
955 2073 1024 2124 suo
1041 2045 1221 2138 consilio,
1241 2045 1347 2148 quod
1374 2047 1564 2124 communi
1579 2048 1664 2122 iure

537 2162 708 2264 gentium
727 2160 853 2240 facere
874 2179 1049 2268 possent,
1068 2165 1167 2238 Deos
1186 2161 1374 2267 publicos,
1404 2188 1568 2264 suosque
1592 2190 1658 2267 pa·

539 2279 632 2354 trios
651 2305 695 2356 ac
713 2297 882 2382 penates,
905 2306 982 2384 quo
1002 2279 1150 2356 facilius
1164 2279 1211 2355 ab
1229 2281 1337 2356 hoste
1357 2297 1513 2385 possent
1530 2277 1665 2356 delen-

538 2389 656 2492 dere,
685 2397 804 2472 muris
832 2399 1009 2501 sepsisse;
1038 2423 1164 2496 neque
1198 2422 1271 2486 eo,
1294 2395 1401 2498 quod
1419 2396 1552 2472 inutile
1571 2412 1667 2472 esset
1683 2395 1698 2410 “

542 2507 738 2603 Graeciae,
758 2509 912 2605 fecisse3
933 2539 1022 2590 nam
1051 2511 1204 2588 illorum
1235 2495 1370 2588 iarbem
1390 2530 1433 2589 ut
1451 2541 1666 2619 propugna-

540 2623 670 2702 culum
691 2631 901 2729 oppoeitam
922 2655 1000 2706 esse
1019 2628 1205 2721 barbaris,
1233 2628 1337 2734 apud
1358 2655 1471 2731 quam
1505 2632 1580 2704 iam
1609 2627 1666 2703 bis

539 2738 675 2820 classes
695 2747 816 2850 regias
836 2744 968 2823 fecisse
985 2745 1237 2850 naufragium.
1258 2745 1573 2822 Lacedaemonios
1601 2772 1666 2820 au·

539 2869 616 2960 tem
635 2859 731 2936 male
759 2877 798 2939 et
817 2863 957 2940 iniuste
977 2861 1118 2954 lacere,
1137 2867 1152 2914 ⁶
1172 2865 1239 2965 qui
1260 2860 1299 2938 id
1316 2863 1442 2965 potius
1472 2863 1666 2940 intueren-

573 3123 728 3194 (iloGeatue
749 3137 788 3181 eet
809 3129 834 3178 οἱ
853 3143 916 3180 mos.
933 3125 961 3180 ld
975 3135 1030 3192 eat,
1047 3123 1080 3180 ad
1131 3143 1182 3198 que
1194 3125 1284 3180 civitas
1298 3135 1454 3198 protectores
1465 3125 1553 3192 habet·
1567 3125 1609 3199 bie
1622 3129 1668 3182 At-

540 3212 598 3268 eiua
609 3211 765 3266 sententiani
782 3221 944 3266 wcesaernnt
955 3210 1056 3284 ephori.
1131 3212 1240 3262 ticorum
1257 3207 1305 3264 dii.
1324 3240 1357 3252 -
1379 3209 1499 3266 Penates.
1517 3213 1554 3264 lta
1574 3207 1666 3266 dictio

573 3299 616 3365 (t)
635 3295 932 3366 Praedixit.Praecepit.
949 3297 1078 3361 Frontin„
1130 3290 1256 3347 vocabulo
1266 3296 1378 3366 penitus,
1396 3295 1456 3366 quia
1473 3301 1501 3348 in
1520 3296 1613 3350 intima
1624 3316 1666 3352 ae·

542 3385 593 3438 eata
618 3379 686 3436 elam
709 3383 829 3452 scripsit,
855 3379 945 3434 tostin.
964 3383 1003 3444 ll,
1032 3387 1080 3446 tt,
1131 3379 1204 3433 dium
1226 3392 1300 3451 parte
1321 3381 1489 3435 colebantur:
1507 3382 1568 3436 hinc
1583 3402 1665 3454 pene-

544 3465 618 3520 el'er
646 3483 754 3519 aereum
778 3465 970 3536 magistratibiu
993 3465 1082 3520 scribit
1133 3465 1208 3518 tralce
1222 3475 1345 3520 vocantur
1363 3485 1377 3518 a
1395 3469 1485 3536 politia.
1493 3468 1542 3522 Pro
1557 3477 1609 3522 tota
1623 3467 1666 3520 dc-

542 3545 774 3602 Atheniensium
1132 3569 1176 3606 ino
1196 3569 1246 3604 vox
1263 3569 1291 3604 ea
1309 3551 1364 3607 iere
1383 3553 1501 3607 sumitur.
1513 3583 1547 3594 -
1563 3554 1665 3608 Classes

578 3639 623 3706 (⁵)
636 3637 681 3692 Ad
690 3635 1080 3707 nngtmanmseaanmqaentd
1132 3635 1317 3706 reginsseee'ase
1328 3635 1615 3709 nmejinguem.Cladem
1628 3640 1665 3690 io·

435 3748 439 3756 ·
546 3721 657 3792 ephoros
673 3731 874 3792 senatoresque,
895 3717 920 3774 ai
945 3719 1081 3792 γερόντις,
1133 3718 1227 3790 telligit
1244 3717 1434 3774 Marathoniam
1447 3732 1472 3775 et
1485 3719 1666 3774 Salaminiam.

544 3821 659 3877 quorum
682 3804 766 3860 bunos
788 3815 946 3877 perpetuus,
974 3804 1081 3858 illorum
1132 3803 1235 3856 Fecisse
1258 3806 1435 3876 naufragium.
1457 3805 1479 3857 1.
1504 3823 1526 3858 e.
1549 3803 1666 3858 disiectae

543 3898 631 3944 autem
649 3906 760 3944 annona.
776 3890 814 3942 lta
828 3888 895 3960 apud
907 3889 1082 3944 Lacedaemo·
1132 3884 1227 3955 suisse5
1242 3887 1347 3940 Graecis
1359 3885 1426 3940 haud
1440 3888 1608 3956 inusitatum,
1621 3906 1664 3960 μι-

543 3974 602 4030 nioe
618 3972 711 4045 triplex
722 3973 942 4029 administrandae
959 3969 1084 4044 reipubli·
1132 3967 1204 4038 palla
1221 3971 1301 4022 ποιεῖν
1315 3967 1443 4053 praedatu.

545 4075 590 4114 oea
606 4059 773 4116 constitutio:
792 4075 852 4115 oem
865 4057 918 4112 duo
931 4075 1006 4128 reges
1021 4073 1082 4111 cum
1167 4053 1209 4120 (6)
1227 4052 1303 4105 Mate
1319 4066 1345 4104 et
1363 4054 1450 4106 ririuete
1457 4055 1554 4126 seem.
1563 4052 1666 4110 Sallust.

544 4154 604 4198 octo
619 4155 646 4202 et
659 4146 754 4217 viginti
768 4145 931 4202 aenatoribus
944 4155 970 4198 et
983 4143 1081 4215 populo
1132 4137 1189 4208 lug.
1203 4135 1292 4190 xxtt=
1311 4137 1459 4208 al’opulum
1473 4158 1609 4193 romanum
1623 4159 1666 4192 ne·

545 4225 661 4282 divisam
669 4225 799 4281 habebant
812 4225 1005 4298 imperium-
1013 4225 1081 4278 Deos
1132 4235 1182 4290 que
1194 4228 1279 4285 recte,
1293 4237 1377 4290 neque
1390 4237 1437 4288 pro
1449 4222 1516 4275 bono
1528 4221 1666 4288 facturum,

543 4309 664 4380 putten.
679 4310 815 4376 Publicos,
829 4310 848 4366 i.
861 4329 885 4364 e.
894 4309 942 4364 toti
958 4308 1081 4364 Graeciae
1132 4303 1154 4360 ei
1168 4302 1199 4358 ab
1214 4307 1271 4360 iure
1285 4305 1401 4378 gentium
1412 4325 1465 4364 sese
1476 4304 1634 4380 peclribuerit
1643 4327 1665 4362 a.

546 4409 743 4452 commonere
750 4393 861 4454 Patrios.
870 4393 940 4462 Quos
951 4407 1081 4466 umqum·
