3618 5776
503 563 594 630 100
944 565 1175 633 revseutts

493 790 607 874 runt,
627 771 800 877 legetoe⁴
818 769 868 848 od
886 795 972 851 eum
991 799 1078 892 cupi
1096 771 1239 880 scytale
1257 771 1461 850 miserunt:
1481 774 1522 848 in
1540 795 1616 877 qua

493 919 600 970 more
626 888 881 992 illorumlerot
898 894 1102 996 seriptum,
1127 892 1201 967 nisi
1224 890 1613 1030 domumperertere·

493 1017 578 1098 tur,
598 1035 638 1086 se
656 1011 788 1116 eapitis
806 1035 893 1098 eum
912 1008 1168 1088 damnaturos.
1186 1010 1267 1087 Hoc
1286 1026 1426 1087 nuntro
1446 1035 1610 1089 eommo-

494 1143 576 1222 tus,
595 1153 774 1233 operans,
792 1153 831 1205 se
850 1129 962 1205 etiem
989 1145 1071 1204 tum
1090 1129 1254 1234 pecunia
1272 1143 1310 1204 et
1328 1130 1500 1233 potentia
1519 1133 1534 1180 ⁵
1556 1130 1613 1236 io·

490 1244 594 1326 stone
612 1243 826 1352 periculum
844 1271 954 1354 posse
972 1243 1195 1351 depellere,
1213 1245 1366 1324 domum
1377 1245 1513 1328 rediit.
1532 1248 1616 1325 Huc

490 1383 536 1444 ut
555 1367 671 1458 veuit,
695 1365 743 1440 eb
760 1365 915 1470 ephoris
941 1365 982 1440 in
996 1361 1150 1442 vincula
1166 1363 1317 1474 publice
1336 1368 1533 1444 coniectus
1544 1383 1613 1443 est.

490 1485 597 1562 Licet
621 1486 722 1560 enim
741 1482 888 1590 legibus
915 1509 1048 1560 eorum
1075 1485 1194 1564 cuivis
1220 1485 1366 1590 ephoro
1393 1486 1466 1561 hoo
1487 1487 1609 1562 facere

490 1605 582 1705 regi.
600 1607 616 1656 ⁶
634 1604 732 1678 Hine
749 1617 875 1678 temen
891 1627 930 1678 se
947 1599 1160 1708 expedivite
1177 1603 1191 1650 ⁷
1211 1627 1335 1706 neque
1347 1629 1392 1680 eo
1413 1604 1527 1708 magis
1549 1629 1612 1678 cu·

492 1835 584 1888 reue
595 1815 669 1888 enirn
676 1813 961 1906 odoreeungueretequb
971 1851 1029 1906 pro·
1080 1831 1108 1888 li
1122 1833 1218 1896 lorum,
1233 1829 1324 1890 litterie
1341 1836 1376 1888 ite
1392 1833 1549 1908 perscriptis,
1569 1853 1613 1889 re·

489 1915 546 1972 hue
562 1915 679 1974 eulebent
695 1917 829 1973 adhibere:
845 1921 1027 1974 oontreLece-
1079 1915 1198 1972 volutum
1215 1935 1247 1970 ex
1264 1917 1367 1972 eureule
1380 1919 1535 1992 imperotori
1546 1937 1617 1974 oom-

488 2003 690 2058 doemoniorum
702 2001 1028 2078 vietuepercueerlmodum
1079 2005 1164 2056 menti
1181 2000 1251 2058 illiue
1267 2004 1370 2058 conscio
1387 2005 1534 2058 mittebent:
1550 2023 1616 2058 reeo-

489 2091 517 2138 et
529 2087 664 2141 tenule.—-
677 2083 784 2157 Superbe
799 2085 1026 2156 remehone
1080 2071 1146 2137 luho
1161 2092 1248 2136 eutem
1268 2083 1316 2138 lori
1331 2083 1428 2152 litterae
1451 2095 1555 2140 trunoee
1567 2093 1616 2164 pt·

489 2168 635 2242 arrogantie
653 2171 700 2224 lete
713 2178 740 2222 et
758 2168 909 2224 erudelitate
931 2169 1027 2222 Peuee-
1079 2187 1131 2242 que
1155 2167 1261 2224 mutilae
1278 2167 1419 2238 retltlebet,
1446 2171 1617 2241 membraque

489 2248 744 2322 reieevid.Thucyrl.
755 2245 774 2318 l,
788 2256 847 2320 teo,
862 2249 1029 2306 Plutarchum
1082 2271 1169 2308 eorum
1187 2263 1214 2308 et
1225 2253 1307 2326 epioee
1320 2256 1348 2308 ire
1368 2265 1453 2328 perier
1469 2255 1613 2310 diversissi-

492 2333 521 2389 io
539 2333 657 2388 Arietirle
673 2345 700 2388 et
724 2335 843 2404 Cimoue;
866 2335 960 2390 Didor.
977 2328 1029 2391 sic.
1083 2358 1137 2392 moe
1147 2338 1290 2411 spergebet.
1304 2339 1451 2412 Propterea,
1461 2341 1484 2393 ei
1494 2339 1521 2394 id
1532 2339 1618 2394 loruoe

490 2417 539 2482 Xl,
552 2423 596 2488 4⁴5
609 2428 635 2473 et
646 2418 790 2474 Aristidem
800 2418 942 2486 rhetorem,
956 2420 1028 2473 Oret.
1083 2424 1112 2476 iu
1131 2441 1221 2476 manue
1245 2423 1360 2478 hortium
1385 2424 1526 2490 incideret,
1551 2423 1618 2480 nihil

490 2499 524 2555 tle
537 2500 655 2556 leudibus
671 2501 709 2556 Μ.
726 2501 836 2558 Aurelii:
1083 2505 1221 2580 quiequam
1248 2507 1385 2562 eonieeteri
1412 2527 1444 2562 ex
1467 2527 1499 2562 eo
1523 2509 1620 2581 scripto

524 2590 568 2657 (4)
582 2587 702 2660 legator.
715 2587 891 2662 Thucydides,
913 2589 1027 2664 eripuere,
1082 2591 1179 2662 quibet:
1201 2591 1246 2648 red
1266 2593 1311 2647 ubi
1327 2591 1388 2658 ille,
1412 2593 1444 2646 erl
1470 2611 1549 2664 queen
1566 2601 1619 2646 eret

490 2672 518 2726 id
543 2672 740 2737 ntuentium.
759 2675 846 2728 um.
862 2703 894 2716 -
909 2671 1028 2746 Scytala.
1080 2677 1201 2744 mireum,
1220 2681 1361 2750 occeperit3
1375 2678 1479 2733 eurculo
1492 2677 1618 2750 compuri,

489 2758 603 2812 bitume
618 2757 802 2838 elencleetinep‚
816 2758 910 2832 quibus
926 2757 957 2812 erl
974 2759 1026 2812 irn-

489 2850 620 2910 peretoree
631 2860 691 2896 euos
702 2843 900 2898 Lacedaemonii
916 2845 1026 2898 utehen·

490 2933 541 2979 tur.
558 2922 677 2998 Scytelee
689 2926 802 2980 formem
819 2927 904 2983 Aulue
917 2927 1029 2996 Gellius,

449 3047 451 3054 ,
490 3009 565 3064 Noti.
591 2999 729 3066 'Attietth
745 3011 827 3076 llVll,
853 3031 909 3084 oep.
934 3020 968 3080 9,
990 3017 1027 3068 tu

490 3091 622 3148 describite
639 3092 760 3148 esurouli
773 3093 826 3146 rluo
836 3105 910 3149 eraut
922 3103 1026 3161 ieretee,

490 3174 634 3250 oblonguli,
648 3179 703 3248 peri
720 3189 893 3260 presumento
902 3177 1029 3234 eiusdem-

491 3278 544 3336 que
554 3258 734 3333 longitudinis,
750 3261 834 3316 derasi
851 3272 928 3336 etque
945 3265 1028 3318 ornati

490 3346 671 3402 eouelmiliten
684 3365 751 3401 unus
767 3351 919 3420 imperetori
931 3349 959 3404 in
972 3349 1029 3405 bel-

403 3489 405 3494 ·
490 3429 548 3486 lum
565 3431 740 3504 proficiscenti
758 3431 891 3500 «lebetum
916 3435 1027 3489 alterum

490 3517 565 3572 domi
591 3517 755 3589 magistrum
780 3536 841 3573 curn
865 3521 921 3574 iure
948 3529 1028 3594 etque

489 3618 551 3655 euru
573 3599 649 3672 riguo
663 3601 809 3656 hebebant.
834 3601 946 3671 Quentlo
967 3621 1028 3658 ueue

489 3697 596 3742 venerut
614 3685 761 3742 litterarum
777 3688 956 3754 secretiorum,
972 3689 1026 3745 cir·

488 3787 550 3824 eum
564 3789 627 3826 euro
646 3770 780 3828 surculum
797 3771 883 3828 lorum
908 3771 1026 3828 modicae

487 3856 637 3922 tenuitatie,
662 3857 771 3929 loegum
789 3869 876 3914 eutem
899 3868 1025 3928 quenturn

487 3943 527 3994 rei
539 3944 600 3996 eelie
614 3951 678 4007 etet,
683 3939 883 4013 eomplicebent,
889 3943 1027 3998 volumine

486 4024 600 4079 rotundo
613 4033 640 4079 et
653 4025 777 4099 eimpllei3
800 4028 836 4082 ite
857 4036 885 4081 ut
901 4046 960 4082 orae
977 4027 1025 4082 orl·

485 4106 590 4164 iunctae
606 4106 724 4182 undique
742 4123 769 4163 et
780 4109 946 4165 oebeeremee
960 4109 1024 4178 lori,

1082 2781 1160 2833 quem
1177 2763 1296 2826 bebebet,
1315 2774 1400 2836 cepto,
1418 2762 1449 2816 red
1461 2761 1552 2829 finem,
1571 2783 1618 2836 pe·

1083 2846 1158 2902 riurle
1171 2858 1201 2900 ut
1213 2847 1307 2910 debere
1320 2847 1380 2901 fieri
1392 2847 1500 2914 eciehet,
1513 2848 1621 2902 circurn-

1081 2932 1204 3002 plieebet:
1222 2942 1300 3005 utque
1321 2931 1356 2987 ite
1373 2931 1475 3002 litteree
1494 2950 1541 3006 per
1558 2950 1616 2986 eoe-

1080 3015 1167 3070 bitum
1188 3016 1314 3070 eumrlem
1331 3016 1427 3071 eureuli
1448 3015 1620 3072 eoeleeeentee

1081 3120 1184 3156 rursum
1202 3103 1316 3169 eoibent,
1333 3091 1513 3175 integrumque
1531 3114 1559 3158 et
1575 3104 1618 3159 in·

1081 3196 1229 3259 corruptam
1244 3188 1379 3262 epietolem
1401 3199 1428 3244 et
1445 3190 1547 3243 secilern
1568 3189 1620 3262 legi

1082 3274 1253 3346 preesiebent.
1266 3277 1321 3329 Hoc
1335 3295 1416 3346 genus
1429 3276 1551 3348 epietolee
1567 3278 1618 3329 Le·

1082 3357 1243 3414 redeemonii
1252 3361 1385 3418 σκυτάλην
1404 3360 1567 3433 appellente

1117 3475 1162 3543 (5)
1176 3472 1293 3528 Pecunia
1313 3485 1337 3526 et
1350 3476 1471 3544 ροιᾳιία.
1488 3471 1621 3537 Peourria,

1081 3571 1132 3626 que
1144 3563 1331 3627 cornemperet,·
1346 3560 1468 3626 μοιεηεὶα,
1487 3573 1539 3626 que
1557 3553 1620 3609 ludi·

1080 3659 1122 3696 eee
1138 3649 1328 3696 eecuutoreeve
1342 3639 1491 3696 deterreret.
1610 3639 1619 3656 '

1115 3757 1158 3824 (6)
1175 3755 1250 3826 tege.
1267 3757 1325 3825 Que
1351 3755 1476 3828 dignitate
1503 3755 1618 3829 pollebet

1081 3840 1225 3907 l’eueeuiee,
1238 3857 1292 3894 non
1308 3841 1363 3912 ipse
1380 3840 1487 3915 quidem
1500 3861 1557 3907 rex,
1570 3841 1617 3895 red

1079 3925 1229 3992 Plleterobi,
1247 3925 1394 3990 Leonidae,
1416 3929 1461 3999 qui
1479 3928 1510 3982 erl
1528 3929 1613 3982 Ther·

1080 4007 1199 4082 rnopylee
1208 4009 1372 4078 occubuerat,
1381 4011 1441 4076 filii,
1454 4029 1484 4066 ee
1495 4011 1618 4084 patruelie

1080 4092 1121 4146 eui
1138 4093 1469 4168 ruror.ViteThoeyd.1,
1489 4091 1544 4150 482.
1560 4096 1614 4177 ³⁰:

486 4190 826 4266 quodppmwfflpmh
836 4193 1028 4249 mmmdepn,
1080 4192 1143 4230 eros.
1169 4177 1209 4230 De
1232 4178 1344 4250 Ephorie
1368 4198 1444 4253 eupre
1461 4177 1572 4235 diximus
1588 4179 1616 4232 in

489 4273 525 4327 rle
541 4275 569 4328 iu
582 4294 614 4330 eo
628 4275 685 4333 loro
698 4295 744 4352 per
754 4287 911 4334 terrerereee
925 4277 1027 4333 iunctu-
1080 4259 1248 4316 'fl‘lffi'loel-
1263 4263 1321 4346 llll·

486 4375 577 4412 rerum
601 4377 676 4428 orer,
702 4361 819 4420 retribue
835 4379 850 4417 e
872 4381 976 4418 eumaeo
992 4361 1026 4418 erl
1113 4362 1156 4431 (7)
1174 4359 1208 4416 Se
1221 4365 1357 4434 expedivit.
1374 4366 1443 4438 Apu
1454 4363 1487 4419 tle
1497 4363 1615 4422 vinculie.

485 4444 572 4505 imum
586 4445 819 4524 proficientibus,
840 4449 1022 4514 iueeribebent.
1080 4444 1120 4504 lte
1136 4444 1253 4522 loquitur
1263 4448 1363 4521 eiecto,
1380 4449 1410 4510 itt
1426 4450 1537 4511 Verrem
1558 4451 1613 4518 IV,
