<?xml version="1.0" encoding="UTF-8"?>
<!DOCTYPE html PUBLIC "-//W3C//DTD XHTML 1.0 Transitional//EN"
    "http://www.w3.org/TR/xhtml1/DTD/xhtml1-transitional.dtd">
<html xmlns="http://www.w3.org/1999/xhtml" xml:lang="en" lang="en">
 <head>
  <title>
</title>
<meta http-equiv="Content-Type" content="text/html;charset=utf-8" />
  <meta name='ocr-system' content='tesseract 3.04.00' />
  <meta name='ocr-capabilities' content='ocr_page ocr_carea ocr_par ocr_line ocrx_word'/>
</head>
<body>
  <div class='ocr_page' id='page_1' title='image "./corneliinepotis13nepogoog_0434.png"; bbox 0 0 3574 5808; ppageno 0'>
   <div class='ocr_carea' id='block_1_1' title="bbox 543 547 1330 654">
    <p class='ocr_par' dir='ltr' id='par_1_1' title="bbox 543 547 1330 654">
     <span class='ocr_line' id='line_1_1' title="bbox 543 547 1330 654; baseline -0.001 -29"><span class='ocrx_word' id='word_1_1' title='bbox 543 547 678 654; x_wconf 73' lang='lat'>440·</span> <span class='ocrx_word' id='word_1_2' title='bbox 907 559 1107 626; x_wconf 81' lang='lat' dir='ltr'>coruum</span> <span class='ocrx_word' id='word_1_3' title='bbox 1142 561 1330 654; x_wconf 81' lang='lat' dir='ltr'>usrorrs</span> 
     </span>
    </p>
   </div>
   <div class='ocr_carea' id='block_1_2' title="bbox 542 761 1672 1982">
    <p class='ocr_par' dir='ltr' id='par_1_2' title="bbox 542 761 1672 1328">
     <span class='ocr_line' id='line_1_2' title="bbox 542 761 1672 837; baseline -0.002 -17"><span class='ocrx_word' id='word_1_4' title='bbox 542 763 620 820; x_wconf 85' lang='lat' dir='ltr'>dorus</span> <span class='ocrx_word' id='word_1_5' title='bbox 633 761 733 836; x_wconf 81' lang='lat' dir='ltr'>sliquot</span> <span class='ocrx_word' id='word_1_6' title='bbox 743 761 813 820; x_wconf 83' lang='lat' dir='ltr'>lusos</span> <span class='ocrx_word' id='word_1_7' title='bbox 823 767 943 837; x_wconf 84' lang='lat' dir='ltr'>escipiss,</span> <span class='ocrx_word' id='word_1_8' title='bbox 956 764 984 818; x_wconf 88' lang='lat' dir='ltr'>tn</span> <span class='ocrx_word' id='word_1_9' title='bbox 996 779 1028 818; x_wconf 89' lang='lat' dir='ltr'>eo</span> <span class='ocrx_word' id='word_1_10' title='bbox 1041 761 1154 816; x_wconf 81' lang='lat' dir='ltr'>inveniri</span> <span class='ocrx_word' id='word_1_11' title='bbox 1169 778 1243 834; x_wconf 84' lang='lat' dir='ltr'>posse</span> <span class='ocrx_word' id='word_1_12' title='bbox 1256 769 1328 834; x_wconf 68' lang='grc' dir='ltr'>μιν,</span> <span class='ocrx_word' id='word_1_13' title='bbox 1339 777 1404 834; x_wconf 81' lang='lat' dir='ltr'>quse</span> <span class='ocrx_word' id='word_1_14' title='bbox 1417 761 1539 818; x_wconf 82' lang='lat' dir='ltr'>lectorem</span> <span class='ocrx_word' id='word_1_15' title='bbox 1553 763 1601 822; x_wconf 78' lang='lat' dir='ltr'>vel</span> <span class='ocrx_word' id='word_1_16' title='bbox 1614 764 1672 819; x_wconf 85' lang='lat' dir='ltr'>nsi-</span> 
     </span>
     <span class='ocr_line' id='line_1_3' title="bbox 542 841 1667 919; baseline -0.004 -17"><span class='ocrx_word' id='word_1_17' title='bbox 542 845 614 902; x_wconf 86' lang='lat' dir='ltr'>nime</span> <span class='ocrx_word' id='word_1_18' title='bbox 629 853 756 916; x_wconf 61' lang='lat' dir='ltr'>muretum</span> <span class='ocrx_word' id='word_1_19' title='bbox 773 848 801 900; x_wconf 89' lang='lat' dir='ltr'>iu</span> <span class='ocrx_word' id='word_1_20' title='bbox 818 845 941 901; x_wconf 83' lang='lat' dir='ltr'>omnibus</span> <span class='ocrx_word' id='word_1_21' title='bbox 950 862 1044 919; x_wconf 73' lang='lat' dir='ltr'>magns</span> <span class='ocrx_word' id='word_1_22' title='bbox 1062 853 1100 897; x_wconf 83' lang='lat' dir='ltr'>est</span> <span class='ocrx_word' id='word_1_23' title='bbox 1112 841 1278 916; x_wconf 71' lang='lat' dir='ltr'>superbissimi</span> <span class='ocrx_word' id='word_1_24' title='bbox 1292 843 1362 896; x_wconf 85' lang='lat' dir='ltr'>illius</span> <span class='ocrx_word' id='word_1_25' title='bbox 1379 845 1475 896; x_wconf 78' lang='grc' dir='ltr'>αιινίιιιιι</span> <span class='ocrx_word' id='word_1_26' title='bbox 1487 845 1574 898; x_wconf 84' lang='lat' dir='ltr'>iudicii</span> <span class='ocrx_word' id='word_1_27' title='bbox 1586 861 1667 898; x_wconf 85' lang='lat' dir='ltr'>reve·</span> 
     </span>
     <span class='ocr_line' id='line_1_4' title="bbox 542 924 1665 1000; baseline 0 -20"><span class='ocrx_word' id='word_1_28' title='bbox 542 928 637 993; x_wconf 82' lang='lat' dir='ltr'>reutia;</span> <span class='ocrx_word' id='word_1_29' title='bbox 651 927 679 980; x_wconf 91' lang='lat' dir='ltr'>iu</span> <span class='ocrx_word' id='word_1_30' title='bbox 692 927 815 982; x_wconf 89' lang='lat' dir='ltr'>omuibus</span> <span class='ocrx_word' id='word_1_31' title='bbox 832 929 959 1000; x_wconf 79' lang='lat' dir='ltr'>exquisita</span> <span class='ocrx_word' id='word_1_32' title='bbox 973 925 1118 998; x_wconf 79' lang='lat' dir='ltr'>elegentia,</span> <span class='ocrx_word' id='word_1_33' title='bbox 1139 924 1256 979; x_wconf 85' lang='lat' dir='ltr'>miranda</span> <span class='ocrx_word' id='word_1_34' title='bbox 1270 925 1408 996; x_wconf 71' lang='lat' dir='ltr'><strong>proprietas</strong></span> <span class='ocrx_word' id='word_1_35' title='bbox 1424 925 1571 992; x_wconf 87' lang='lat' dir='ltr'>verborum,</span> <span class='ocrx_word' id='word_1_36' title='bbox 1586 926 1665 980; x_wconf 84' lang='lat' dir='ltr'>ahso-</span> 
     </span>
     <span class='ocr_line' id='line_1_5' title="bbox 544 1003 1669 1079; baseline -0.001 -18"><span class='ocrx_word' id='word_1_37' title='bbox 544 1007 1017 1079; x_wconf 82' lang='lat' dir='ltr'>lutissimsprsesertimbreritss.1u</span> <span class='ocrx_word' id='word_1_38' title='bbox 1037 1006 1084 1060; x_wconf 91' lang='lat' dir='ltr'>hac</span> <span class='ocrx_word' id='word_1_39' title='bbox 1105 1023 1201 1076; x_wconf 81' lang='lat' dir='ltr'>nempe</span> <span class='ocrx_word' id='word_1_40' title='bbox 1218 1003 1370 1059; x_wconf 73' lang='lat' dir='ltr'>Sallustium</span> <span class='ocrx_word' id='word_1_41' title='bbox 1384 1015 1411 1060; x_wconf 89' lang='lat' dir='ltr'>et</span> <span class='ocrx_word' id='word_1_42' title='bbox 1432 1005 1616 1077; x_wconf 80' lang='lat' dir='ltr'>Thucydidem</span> <span class='ocrx_word' id='word_1_43' title='bbox 1632 1008 1669 1060; x_wconf 82' lang='lat' dir='ltr'>ad</span> 
     </span>
     <span class='ocr_line' id='line_1_6' title="bbox 543 1085 1668 1163; baseline -0.002 -19"><span class='ocrx_word' id='word_1_44' title='bbox 543 1086 701 1144; x_wconf 84' lang='lat' dir='ltr'>imitandum</span> <span class='ocrx_word' id='word_1_45' title='bbox 713 1089 764 1144; x_wconf 92' lang='lat' dir='ltr'>sibi</span> <span class='ocrx_word' id='word_1_46' title='bbox 776 1093 936 1163; x_wconf 68' lang='lat' dir='ltr'>proposuisse</span> <span class='ocrx_word' id='word_1_47' title='bbox 949 1089 1059 1156; x_wconf 81' lang='lat' dir='ltr'>videtur,</span> <span class='ocrx_word' id='word_1_48' title='bbox 1072 1090 1107 1142; x_wconf 88' lang='lat' dir='ltr'>ita</span> <span class='ocrx_word' id='word_1_49' title='bbox 1124 1099 1154 1142; x_wconf 94' lang='lat' dir='ltr'>ut</span> <span class='ocrx_word' id='word_1_50' title='bbox 1168 1087 1235 1140; x_wconf 88' lang='lat' dir='ltr'>huuc</span> <span class='ocrx_word' id='word_1_51' title='bbox 1252 1105 1304 1140; x_wconf 88' lang='lat' dir='ltr'>nou</span> <span class='ocrx_word' id='word_1_52' title='bbox 1319 1085 1465 1142; x_wconf 72' lang='lat' dir='ltr'>aemuletur</span> <span class='ocrx_word' id='word_1_53' title='bbox 1478 1087 1557 1141; x_wconf 88' lang='lat' dir='ltr'>modo</span> <span class='ocrx_word' id='word_1_54' title='bbox 1570 1091 1596 1143; x_wconf 92' lang='lat' dir='ltr'>iu</span> <span class='ocrx_word' id='word_1_55' title='bbox 1606 1088 1668 1158; x_wconf 92' lang='lat' dir='ltr'>plu·</span> 
     </span>
     <span class='ocr_line' id='line_1_7' title="bbox 544 1168 1670 1240; baseline -0.003 -14"><span class='ocrx_word' id='word_1_56' title='bbox 544 1171 629 1237; x_wconf 91' lang='lat' dir='ltr'>rimis,</span> <span class='ocrx_word' id='word_1_57' title='bbox 644 1169 689 1224; x_wconf 89' lang='lat' dir='ltr'>sed</span> <span class='ocrx_word' id='word_1_58' title='bbox 703 1173 806 1240; x_wconf 85' lang='lat' dir='ltr'>saepius</span> <span class='ocrx_word' id='word_1_59' title='bbox 818 1174 899 1227; x_wconf 91' lang='lat' dir='ltr'>etiam</span> <span class='ocrx_word' id='word_1_60' title='bbox 915 1172 947 1228; x_wconf 88' lang='lat' dir='ltr'>ad</span> <span class='ocrx_word' id='word_1_61' title='bbox 965 1171 1076 1228; x_wconf 82' lang='lat' dir='ltr'>uerbum</span> <span class='ocrx_word' id='word_1_62' title='bbox 1093 1169 1238 1234; x_wconf 83' lang='lat' dir='ltr'>transierat,</span> <span class='ocrx_word' id='word_1_63' title='bbox 1263 1169 1331 1240; x_wconf 87' lang='lat' dir='ltr'>quod</span> <span class='ocrx_word' id='word_1_64' title='bbox 1353 1168 1497 1224; x_wconf 75' lang='lat' dir='ltr'>Pmuouiue</span> <span class='ocrx_word' id='word_1_65' title='bbox 1513 1179 1540 1224; x_wconf 89' lang='lat' dir='ltr'>et</span> <span class='ocrx_word' id='word_1_66' title='bbox 1558 1169 1670 1223; x_wconf 80' lang='lat' dir='ltr'>Thersi-</span> 
     </span>
     <span class='ocr_line' id='line_1_8' title="bbox 545 1237 1037 1328; baseline -0.006 -19"><span class='ocrx_word' id='word_1_67' title='bbox 545 1237 630 1310; x_wconf 64' lang='lat' dir='ltr'>sMs</span> <span class='ocrx_word' id='word_1_68' title='bbox 642 1253 725 1308; x_wconf 78' lang='lat' dir='ltr'>vitem</span> <span class='ocrx_word' id='word_1_69' title='bbox 743 1251 840 1328; x_wconf 69' lang='lat' dir='ltr'>legenti</span> <span class='ocrx_word' id='word_1_70' title='bbox 858 1254 965 1326; x_wconf 87' lang='lat' dir='ltr'>planum</span> <span class='ocrx_word' id='word_1_71' title='bbox 978 1253 1037 1308; x_wconf 86' lang='lat' dir='ltr'>erit.</span> 
     </span>
    </p>

    <p class='ocr_par' dir='ltr' id='par_1_3' title="bbox 545 1331 1672 1982">
     <span class='ocr_line' id='line_1_9' title="bbox 577 1331 1670 1410; baseline -0.002 -21"><span class='ocrx_word' id='word_1_72' title='bbox 577 1335 630 1390; x_wconf 76' lang='lat' dir='ltr'>sed</span> <span class='ocrx_word' id='word_1_73' title='bbox 643 1339 768 1410; x_wconf 87' lang='lat' dir='ltr'>quonism</span> <span class='ocrx_word' id='word_1_74' title='bbox 779 1335 988 1391; x_wconf 87' lang='lat' dir='ltr'>Themistocleae</span> <span class='ocrx_word' id='word_1_75' title='bbox 1004 1331 1128 1407; x_wconf 86' lang='lat' dir='ltr'>epistolae</span> <span class='ocrx_word' id='word_1_76' title='bbox 1147 1332 1389 1406; x_wconf 70' lang='lat' dir='ltr'>interpretationem</span> <span class='ocrx_word' id='word_1_77' title='bbox 1408 1332 1562 1406; x_wconf 76' lang='lat' dir='ltr'>signilicsui,</span> <span class='ocrx_word' id='word_1_78' title='bbox 1581 1331 1670 1387; x_wconf 88' lang='lat' dir='ltr'>obiter·</span> 
     </span>
     <span class='ocr_line' id='line_1_10' title="bbox 547 1413 1670 1488; baseline -0.004 -16"><span class='ocrx_word' id='word_1_79' title='bbox 547 1419 589 1472; x_wconf 79' lang='lat' dir='ltr'>laic</span> <span class='ocrx_word' id='word_1_80' title='bbox 606 1427 699 1472; x_wconf 88' lang='lat' dir='ltr'>nutare</span> <span class='ocrx_word' id='word_1_81' title='bbox 711 1416 797 1481; x_wconf 89' lang='lat' dir='ltr'>liceat,</span> <span class='ocrx_word' id='word_1_82' title='bbox 809 1417 836 1472; x_wconf 89' lang='lat' dir='ltr'>id</span> <span class='ocrx_word' id='word_1_83' title='bbox 854 1437 885 1472; x_wconf 84' lang='lat' dir='ltr'>es</span> <span class='ocrx_word' id='word_1_84' title='bbox 898 1436 928 1471; x_wconf 86' lang='lat' dir='ltr'>es</span> <span class='ocrx_word' id='word_1_85' title='bbox 941 1436 1013 1488; x_wconf 89' lang='lat' dir='ltr'>posse</span> <span class='ocrx_word' id='word_1_86' title='bbox 1027 1415 1123 1488; x_wconf 75' lang='lat' dir='ltr'>colligi,</span> <span class='ocrx_word' id='word_1_87' title='bbox 1146 1415 1239 1486; x_wconf 79' lang='lat' dir='ltr'>Nepoti</span> <span class='ocrx_word' id='word_1_88' title='bbox 1255 1413 1353 1469; x_wconf 87' lang='lat' dir='ltr'>scilicet</span> <span class='ocrx_word' id='word_1_89' title='bbox 1372 1415 1500 1468; x_wconf 86' lang='lat' dir='ltr'>Graecum</span> <span class='ocrx_word' id='word_1_90' title='bbox 1519 1432 1670 1468; x_wconf 82' lang='lat' dir='ltr'>sermonem</span> 
     </span>
     <span class='ocr_line' id='line_1_11' title="bbox 545 1496 1670 1574; baseline -0.002 -20"><span class='ocrx_word' id='word_1_91' title='bbox 545 1519 600 1554; x_wconf 86' lang='lat' dir='ltr'>uon</span> <span class='ocrx_word' id='word_1_92' title='bbox 616 1502 720 1572; x_wconf 85' lang='lat' dir='ltr'>penitus</span> <span class='ocrx_word' id='word_1_93' title='bbox 733 1500 811 1554; x_wconf 84' lang='lat' dir='ltr'>luisse</span> <span class='ocrx_word' id='word_1_94' title='bbox 822 1509 996 1574; x_wconf 84' lang='lat' dir='ltr'>perspectum.</span> <span class='ocrx_word' id='word_1_95' title='bbox 1013 1499 1082 1552; x_wconf 87' lang='lat' dir='ltr'>Haec</span> <span class='ocrx_word' id='word_1_96' title='bbox 1099 1497 1171 1551; x_wconf 88' lang='lat' dir='ltr'>euim</span> <span class='ocrx_word' id='word_1_97' title='bbox 1197 1497 1274 1552; x_wconf 85' lang='lat' dir='ltr'>verba</span> <span class='ocrx_word' id='word_1_98' title='bbox 1290 1497 1370 1550; x_wconf 82' lang='lat' dir='ltr'>Xerxi</span> <span class='ocrx_word' id='word_1_99' title='bbox 1387 1496 1591 1551; x_wconf 80' lang='lat' dir='ltr'>Themistoclem</span> <span class='ocrx_word' id='word_1_100' title='bbox 1603 1500 1670 1552; x_wconf 79' lang='lat' dir='ltr'>sert·</span> 
     </span>
     <span class='ocr_line' id='line_1_12' title="bbox 546 1575 1669 1655; baseline 0 -21"><span class='ocrx_word' id='word_1_101' title='bbox 546 1582 625 1652; x_wconf 85' lang='lat' dir='ltr'>psisse</span> <span class='ocrx_word' id='word_1_102' title='bbox 638 1591 725 1636; x_wconf 81' lang='lat' dir='ltr'>narret</span> <span class='ocrx_word' id='word_1_103' title='bbox 737 1580 905 1654; x_wconf 76' lang='lat' dir='ltr'>Thucydides</span> <span class='ocrx_word' id='word_1_104' title='bbox 916 1585 940 1646; x_wconf 86' lang='lat' dir='ltr'>t,</span> <span class='ocrx_word' id='word_1_105' title='bbox 956 1585 1013 1636; x_wconf 67' lang='lat' dir='ltr'>tsi.-</span> <span class='ocrx_word' id='word_1_106' title='bbox 1026 1580 1135 1655; x_wconf 78' lang='lat' dir='ltr'>lisipsrpr</span> <span class='ocrx_word' id='word_1_107' title='bbox 1147 1578 1299 1650; x_wconf 73' lang='grc' dir='ltr'>διωκόμενος</span> <span class='ocrx_word' id='word_1_108' title='bbox 1312 1577 1356 1632; x_wconf 76' lang='lat' dir='ltr'>tri</span> <span class='ocrx_word' id='word_1_109' title='bbox 1368 1583 1417 1632; x_wconf 77' lang='lat' dir='ltr'>ecia</span> <span class='ocrx_word' id='word_1_110' title='bbox 1429 1577 1548 1636; x_wconf 71' lang='grc' dir='ltr'>Ελλήνων</span> <span class='ocrx_word' id='word_1_111' title='bbox 1563 1575 1608 1632; x_wconf 80' lang='grc' dir='ltr'>διὰ</span> <span class='ocrx_word' id='word_1_112' title='bbox 1618 1579 1669 1638; x_wconf 75' lang='grc' dir='ltr'>τήν</span> 
     </span>
     <span class='ocr_line' id='line_1_13' title="bbox 546 1659 1670 1736; baseline -0.002 -20"><span class='ocrx_word' id='word_1_113' title='bbox 546 1661 642 1734; x_wconf 73' lang='grc' dir='ltr'>φιλίαν,</span> <span class='ocrx_word' id='word_1_114' title='bbox 656 1681 721 1736; x_wconf 87' lang='lat' dir='ltr'>quse</span> <span class='ocrx_word' id='word_1_115' title='bbox 738 1663 845 1735; x_wconf 86' lang='lat' dir='ltr'>quidem</span> <span class='ocrx_word' id='word_1_116' title='bbox 857 1663 895 1716; x_wconf 84' lang='lat' dir='ltr'>ita</span> <span class='ocrx_word' id='word_1_117' title='bbox 907 1661 1036 1716; x_wconf 87' lang='lat' dir='ltr'>convertit</span> <span class='ocrx_word' id='word_1_118' title='bbox 1049 1661 1136 1732; x_wconf 81' lang='lat' dir='ltr'>Nepos</span> <span class='ocrx_word' id='word_1_119' title='bbox 1155 1661 1184 1713; x_wconf 84' lang='lat' dir='ltr'>iu</span> <span class='ocrx_word' id='word_1_120' title='bbox 1196 1659 1324 1716; x_wconf 82' lang='lat' dir='ltr'>Themist·</span> <span class='ocrx_word' id='word_1_121' title='bbox 1334 1660 1371 1714; x_wconf 88' lang='lat' dir='ltr'>IX</span> <span class='ocrx_word' id='word_1_122' title='bbox 1383 1681 1390 1711; x_wconf 75' lang='grc' dir='ltr'>ι</span> <span class='ocrx_word' id='word_1_123' title='bbox 1407 1659 1484 1714; x_wconf 76' lang='lat' dir='ltr'>Nurac</span> <span class='ocrx_word' id='word_1_124' title='bbox 1497 1674 1578 1714; x_wconf 77' lang='lat' dir='ltr'>autem</span> <span class='ocrx_word' id='word_1_125' title='bbox 1595 1661 1631 1712; x_wconf 81' lang='lat' dir='ltr'>ad</span> <span class='ocrx_word' id='word_1_126' title='bbox 1643 1675 1670 1714; x_wconf 86' lang='lat' dir='ltr'>te</span> 
     </span>
     <span class='ocr_line' id='line_1_14' title="bbox 547 1739 1671 1816; baseline 0 -18"><span class='ocrx_word' id='word_1_127' title='bbox 547 1745 664 1816; x_wconf 71' lang='lat' dir='ltr'>confligi,</span> <span class='ocrx_word' id='word_1_128' title='bbox 676 1749 819 1816; x_wconf 70' lang='lat' dir='ltr'>exagitatio</span> <span class='ocrx_word' id='word_1_129' title='bbox 831 1765 850 1797; x_wconf 86' lang='grc' dir='ltr'>ιι</span> <span class='ocrx_word' id='word_1_130' title='bbox 865 1757 953 1797; x_wconf 85' lang='lat' dir='ltr'>cusactn</span> <span class='ocrx_word' id='word_1_131' title='bbox 966 1742 1084 1804; x_wconf 82' lang='lat' dir='ltr'>Graecia,</span> <span class='ocrx_word' id='word_1_132' title='bbox 1099 1755 1167 1794; x_wconf 84' lang='lat' dir='ltr'>turm</span> <span class='ocrx_word' id='word_1_133' title='bbox 1178 1753 1264 1812; x_wconf 82' lang='lat' dir='ltr'>prtem</span> <span class='ocrx_word' id='word_1_134' title='bbox 1274 1743 1422 1794; x_wconf 84' lang='lat' dir='ltr'>amicitiam.</span> <span class='ocrx_word' id='word_1_135' title='bbox 1435 1743 1507 1796; x_wconf 83' lang='lat' dir='ltr'>lianc</span> <span class='ocrx_word' id='word_1_136' title='bbox 1520 1759 1610 1796; x_wconf 81' lang='lat' dir='ltr'>vocem</span> <span class='ocrx_word' id='word_1_137' title='bbox 1621 1739 1671 1798; x_wconf 70' lang='lat' dir='ltr'>tes</span> 
     </span>
     <span class='ocr_line' id='line_1_15' title="bbox 547 1825 1670 1898; baseline -0.005 -14"><span class='ocrx_word' id='word_1_138' title='bbox 547 1827 595 1884; x_wconf 75' lang='grc' dir='ltr'>τήν</span> <span class='ocrx_word' id='word_1_139' title='bbox 609 1827 694 1898; x_wconf 75' lang='grc' dir='ltr'>φιλίαν</span> <span class='ocrx_word' id='word_1_140' title='bbox 708 1825 881 1898; x_wconf 73' lang='lat' dir='ltr'>intelligimus</span> <span class='ocrx_word' id='word_1_141' title='bbox 898 1845 967 1881; x_wconf 87' lang='lat' dir='ltr'>nune</span> <span class='ocrx_word' id='word_1_142' title='bbox 982 1839 1087 1898; x_wconf 83' lang='lat' dir='ltr'>propter</span> <span class='ocrx_word' id='word_1_143' title='bbox 1099 1837 1168 1878; x_wconf 77' lang='lat' dir='ltr'>marsi</span> <span class='ocrx_word' id='word_1_144' title='bbox 1186 1828 1335 1888; x_wconf 75' lang='lat' dir='ltr'>amicitiam,</span> <span class='ocrx_word' id='word_1_145' title='bbox 1347 1842 1400 1877; x_wconf 90' lang='lat' dir='ltr'>uurr</span> <span class='ocrx_word' id='word_1_146' title='bbox 1418 1837 1487 1878; x_wconf 86' lang='lat' dir='ltr'>taum</span> <span class='ocrx_word' id='word_1_147' title='bbox 1502 1837 1588 1896; x_wconf 72' lang='lat' dir='ltr'>peteris</span> <span class='ocrx_word' id='word_1_148' title='bbox 1600 1829 1670 1878; x_wconf 85' lang='lat' dir='ltr'>omi-</span> 
     </span>
     <span class='ocr_line' id='line_1_16' title="bbox 548 1906 1672 1982; baseline 0.002 -22"><span class='ocrx_word' id='word_1_149' title='bbox 548 1910 647 1963; x_wconf 85' lang='lat' dir='ltr'>eitiam.</span> <span class='ocrx_word' id='word_1_150' title='bbox 661 1909 715 1962; x_wconf 87' lang='lat' dir='ltr'>Nec</span> <span class='ocrx_word' id='word_1_151' title='bbox 729 1910 799 1964; x_wconf 86' lang='lat' dir='ltr'>dicat</span> <span class='ocrx_word' id='word_1_152' title='bbox 810 1909 905 1982; x_wconf 85' lang='lat' dir='ltr'>aliquis</span> <span class='ocrx_word' id='word_1_153' title='bbox 918 1910 1050 1980; x_wconf 84' lang='lat' dir='ltr'>Nepotem</span> <span class='ocrx_word' id='word_1_154' title='bbox 1063 1906 1228 1978; x_wconf 84' lang='lat' dir='ltr'>Thucydidis</span> <span class='ocrx_word' id='word_1_155' title='bbox 1247 1907 1352 1978; x_wconf 88' lang='lat' dir='ltr'>quidem</span> <span class='ocrx_word' id='word_1_156' title='bbox 1374 1927 1479 1962; x_wconf 85' lang='lat' dir='ltr'>sensum</span> <span class='ocrx_word' id='word_1_157' title='bbox 1492 1907 1610 1974; x_wconf 88' lang='lat' dir='ltr'>tenuisse,</span> <span class='ocrx_word' id='word_1_158' title='bbox 1626 1907 1672 1962; x_wconf 91' lang='lat' dir='ltr'>sed</span> 
     </span>
    </p>
   </div>
   <div class='ocr_carea' id='block_1_3' title="bbox 463 1987 1672 2060">
    <p class='ocr_par' dir='ltr' id='par_1_4' title="bbox 463 1987 1672 2060">
     <span class='ocr_line' id='line_1_17' title="bbox 463 1987 1672 2060; baseline 0.002 -20"><span class='ocrx_word' id='word_1_159' title='bbox 463 2021 466 2033; x_wconf 87' lang='lat'><em>.</em></span> <span class='ocrx_word' id='word_1_160' title='bbox 548 1987 627 2040; x_wconf 83' lang='lat' dir='ltr'>verba</span> <span class='ocrx_word' id='word_1_161' title='bbox 638 1991 693 2059; x_wconf 84' lang='lat' dir='ltr'>ipsa</span> <span class='ocrx_word' id='word_1_162' title='bbox 707 1989 846 2042; x_wconf 79' lang='lat' dir='ltr'>transferre</span> <span class='ocrx_word' id='word_1_163' title='bbox 860 2008 913 2044; x_wconf 88' lang='lat' dir='ltr'>nau</span> <span class='ocrx_word' id='word_1_164' title='bbox 929 1988 1047 2058; x_wconf 76' lang='lat' dir='ltr'>valuisse3</span> <span class='ocrx_word' id='word_1_165' title='bbox 1060 1991 1108 2060; x_wconf 90' lang='lat' dir='ltr'>qui</span> <span class='ocrx_word' id='word_1_166' title='bbox 1121 1999 1180 2042; x_wconf 93' lang='lat' dir='ltr'>tum</span> <span class='ocrx_word' id='word_1_167' title='bbox 1196 1987 1299 2058; x_wconf 76' lang='lat' dir='ltr'>gravius</span> <span class='ocrx_word' id='word_1_168' title='bbox 1316 1990 1479 2057; x_wconf 78' lang='lat' dir='ltr'>peccavisset·</span> <span class='ocrx_word' id='word_1_169' title='bbox 1491 1989 1612 2060; x_wconf 82' lang='lat' dir='ltr'>Namque</span> <span class='ocrx_word' id='word_1_170' title='bbox 1625 1988 1672 2042; x_wconf 92' lang='lat' dir='ltr'>ubi</span> 
     </span>
    </p>
   </div>
   <div class='ocr_carea' id='block_1_4' title="bbox 548 2064 1681 3610">
    <p class='ocr_par' dir='ltr' id='par_1_5' title="bbox 548 2064 1675 2466">
     <span class='ocr_line' id='line_1_18' title="bbox 549 2064 1673 2141; baseline 0.002 -23"><span class='ocrx_word' id='word_1_171' title='bbox 549 2064 740 2120; x_wconf 82' lang='lat' dir='ltr'>Themistocles</span> <span class='ocrx_word' id='word_1_172' title='bbox 751 2085 780 2120; x_wconf 89' lang='lat' dir='ltr'>se</span> <span class='ocrx_word' id='word_1_173' title='bbox 791 2067 823 2121; x_wconf 88' lang='lat' dir='ltr'>sd</span> <span class='ocrx_word' id='word_1_174' title='bbox 835 2071 933 2140; x_wconf 75' lang='lat' dir='ltr'>Regem</span> <span class='ocrx_word' id='word_1_175' title='bbox 944 2069 1084 2141; x_wconf 78' lang='lat' dir='ltr'>mulugere</span> <span class='ocrx_word' id='word_1_176' title='bbox 1096 2073 1241 2140; x_wconf 82' lang='lat' dir='ltr'>profitetur,</span> <span class='ocrx_word' id='word_1_177' title='bbox 1252 2067 1330 2120; x_wconf 83' lang='lat' dir='ltr'>verba</span> <span class='ocrx_word' id='word_1_178' title='bbox 1343 2066 1414 2132; x_wconf 83' lang='lat' dir='ltr'>haec,</span> <span class='ocrx_word' id='word_1_179' title='bbox 1425 2081 1493 2122; x_wconf 82' lang='lat' dir='ltr'>tuum</span> <span class='ocrx_word' id='word_1_180' title='bbox 1505 2080 1594 2137; x_wconf 79' lang='lat' dir='ltr'>peteras</span> <span class='ocrx_word' id='word_1_181' title='bbox 1606 2073 1673 2120; x_wconf 83' lang='lat' dir='ltr'>nusi·</span> 
     </span>
     <span class='ocr_line' id='line_1_19' title="bbox 548 2147 1673 2220; baseline 0.003 -21"><span class='ocrx_word' id='word_1_182' title='bbox 548 2150 645 2214; x_wconf 82' lang='lat' dir='ltr'>citiam,</span> <span class='ocrx_word' id='word_1_183' title='bbox 658 2147 733 2218; x_wconf 88' lang='lat' dir='ltr'>plane</span> <span class='ocrx_word' id='word_1_184' title='bbox 745 2149 1117 2220; x_wconf 74' lang='lat' dir='ltr'>superfluuntsigailicsntior</span> <span class='ocrx_word' id='word_1_185' title='bbox 1129 2168 1218 2202; x_wconf 76' lang='lat' dir='ltr'>seuseu</span> <span class='ocrx_word' id='word_1_186' title='bbox 1230 2158 1257 2203; x_wconf 93' lang='lat' dir='ltr'>et</span> <span class='ocrx_word' id='word_1_187' title='bbox 1273 2147 1303 2200; x_wconf 86' lang='lat' dir='ltr'>sd</span> <span class='ocrx_word' id='word_1_188' title='bbox 1323 2149 1511 2219; x_wconf 74' lang='lat' dir='ltr'>impetranda·</span> <span class='ocrx_word' id='word_1_189' title='bbox 1523 2149 1601 2220; x_wconf 75' lang='lat' dir='ltr'>Regis</span> <span class='ocrx_word' id='word_1_190' title='bbox 1611 2168 1673 2220; x_wconf 75' lang='lat' dir='ltr'>gn·</span> 
     </span>
     <span class='ocr_line' id='line_1_20' title="bbox 551 2227 1673 2302; baseline 0.002 -20"><span class='ocrx_word' id='word_1_191' title='bbox 551 2227 616 2282; x_wconf 76' lang='lat' dir='ltr'>tiam</span> <span class='ocrx_word' id='word_1_192' title='bbox 634 2230 771 2296; x_wconf 84' lang='lat' dir='ltr'>efficacior,</span> <span class='ocrx_word' id='word_1_193' title='bbox 788 2229 809 2282; x_wconf 92' lang='lat' dir='ltr'>si</span> <span class='ocrx_word' id='word_1_194' title='bbox 824 2230 933 2302; x_wconf 79' lang='lat' dir='ltr'>supplex</span> <span class='ocrx_word' id='word_1_195' title='bbox 949 2231 1075 2298; x_wconf 78' lang='lat' dir='ltr'>innuerit,</span> <span class='ocrx_word' id='word_1_196' title='bbox 1088 2250 1115 2284; x_wconf 88' lang='lat' dir='ltr'>se</span> <span class='ocrx_word' id='word_1_197' title='bbox 1132 2240 1237 2302; x_wconf 88' lang='lat' dir='ltr'>propter</span> <span class='ocrx_word' id='word_1_198' title='bbox 1252 2229 1333 2301; x_wconf 86' lang='lat' dir='ltr'>ipsam</span> <span class='ocrx_word' id='word_1_199' title='bbox 1346 2229 1412 2284; x_wconf 85' lang='lat' dir='ltr'>hauc</span> <span class='ocrx_word' id='word_1_200' title='bbox 1427 2231 1538 2302; x_wconf 70' lang='lat' dir='ltr'>gratiam</span> <span class='ocrx_word' id='word_1_201' title='bbox 1552 2229 1585 2284; x_wconf 78' lang='lat' dir='ltr'>st</span> <span class='ocrx_word' id='word_1_202' title='bbox 1596 2231 1673 2285; x_wconf 86' lang='lat' dir='ltr'>omui</span> 
     </span>
     <span class='ocr_line' id='line_1_21' title="bbox 550 2309 1675 2384; baseline 0.002 -18"><span class='ocrx_word' id='word_1_203' title='bbox 550 2313 661 2366; x_wconf 75' lang='lat' dir='ltr'>Graecia</span> <span class='ocrx_word' id='word_1_204' title='bbox 678 2310 756 2366; x_wconf 83' lang='lat' dir='ltr'>luisse</span> <span class='ocrx_word' id='word_1_205' title='bbox 770 2311 934 2384; x_wconf 74' lang='lat' dir='ltr'>exagitatum.</span> <span class='ocrx_word' id='word_1_206' title='bbox 952 2313 1050 2366; x_wconf 86' lang='lat' dir='ltr'>Censeo</span> <span class='ocrx_word' id='word_1_207' title='bbox 1066 2329 1127 2382; x_wconf 79' lang='lat' dir='ltr'>ergo</span> <span class='ocrx_word' id='word_1_208' title='bbox 1142 2309 1187 2366; x_wconf 79' lang='grc' dir='ltr'>διὰ</span> <span class='ocrx_word' id='word_1_209' title='bbox 1199 2313 1244 2374; x_wconf 76' lang='grc' dir='ltr'>τὴν</span> <span class='ocrx_word' id='word_1_210' title='bbox 1258 2313 1306 2370; x_wconf 76' lang='lat' dir='ltr'>sira</span> <span class='ocrx_word' id='word_1_211' title='bbox 1319 2311 1404 2384; x_wconf 72' lang='lat' dir='ltr'>peiles</span> <span class='ocrx_word' id='word_1_212' title='bbox 1418 2311 1487 2383; x_wconf 86' lang='lat' dir='ltr'>quod</span> <span class='ocrx_word' id='word_1_213' title='bbox 1502 2311 1675 2384; x_wconf 74' lang='lat' dir='ltr'>Thucydides</span> 
     </span>
     <span class='ocr_line' id='line_1_22' title="bbox 550 2388 1319 2466; baseline 0.004 -23"><span class='ocrx_word' id='word_1_214' title='bbox 550 2388 585 2445; x_wconf 86' lang='lat' dir='ltr'>sd</span> <span class='ocrx_word' id='word_1_215' title='bbox 600 2388 753 2464; x_wconf 76' lang='grc' dir='ltr'>διωκόμενος</span> <span class='ocrx_word' id='word_1_216' title='bbox 766 2391 864 2458; x_wconf 89' lang='lat' dir='ltr'>retulit,</span> <span class='ocrx_word' id='word_1_217' title='bbox 879 2393 1006 2464; x_wconf 85' lang='lat' dir='ltr'>Nepotem</span> <span class='ocrx_word' id='word_1_218' title='bbox 1020 2391 1051 2445; x_wconf 84' lang='lat' dir='ltr'>sd</span> <span class='ocrx_word' id='word_1_219' title='bbox 1068 2392 1174 2466; x_wconf 71' lang='grc' dir='ltr'>πάρειμι</span> <span class='ocrx_word' id='word_1_220' title='bbox 1192 2390 1319 2455; x_wconf 85' lang='lat' dir='ltr'>retulisse,</span> 
     </span>
    </p>

    <p class='ocr_par' dir='ltr' id='par_1_6' title="bbox 550 2472 1681 3610">
     <span class='ocr_line' id='line_1_23' title="bbox 585 2472 1676 2530; baseline 0 -2"><span class='ocrx_word' id='word_1_221' title='bbox 585 2475 621 2528; x_wconf 81' lang='lat' dir='ltr'>At</span> <span class='ocrx_word' id='word_1_222' title='bbox 633 2473 656 2526; x_wconf 89' lang='lat' dir='ltr'>si</span> <span class='ocrx_word' id='word_1_223' title='bbox 668 2492 700 2528; x_wconf 84' lang='lat' dir='ltr'>es</span> <span class='ocrx_word' id='word_1_224' title='bbox 716 2493 768 2528; x_wconf 90' lang='lat' dir='ltr'>uua</span> <span class='ocrx_word' id='word_1_225' title='bbox 784 2475 912 2530; x_wconf 85' lang='lat' dir='ltr'>sententia</span> <span class='ocrx_word' id='word_1_226' title='bbox 928 2477 1076 2530; x_wconf 78' lang='lat' dir='ltr'>homanum</span> <span class='ocrx_word' id='word_1_227' title='bbox 1094 2472 1245 2528; x_wconf 86' lang='lat' dir='ltr'>historicum</span> <span class='ocrx_word' id='word_1_228' title='bbox 1267 2475 1367 2527; x_wconf 88' lang='lat' dir='ltr'>Graeco</span> <span class='ocrx_word' id='word_1_229' title='bbox 1382 2491 1501 2528; x_wconf 77' lang='lat' dir='ltr'>sermone</span> <span class='ocrx_word' id='word_1_230' title='bbox 1523 2492 1577 2526; x_wconf 91' lang='lat' dir='ltr'>nou</span> <span class='ocrx_word' id='word_1_231' title='bbox 1593 2473 1676 2528; x_wconf 86' lang='lat' dir='ltr'>iami-</span> 
     </span>
     <span class='ocr_line' id='line_1_24' title="bbox 552 2553 1678 2628; baseline 0.001 -16"><span class='ocrx_word' id='word_1_232' title='bbox 552 2555 691 2612; x_wconf 88' lang='lat' dir='ltr'>liarissime</span> <span class='ocrx_word' id='word_1_233' title='bbox 708 2575 785 2612; x_wconf 83' lang='lat' dir='ltr'>usum</span> <span class='ocrx_word' id='word_1_234' title='bbox 801 2557 909 2612; x_wconf 84' lang='lat' dir='ltr'>miiaiin</span> <span class='ocrx_word' id='word_1_235' title='bbox 922 2556 1095 2628; x_wconf 75' lang='lat' dir='ltr'>susspiciouem</span> <span class='ocrx_word' id='word_1_236' title='bbox 1114 2556 1196 2622; x_wconf 83' lang='lat' dir='ltr'>veuit,</span> <span class='ocrx_word' id='word_1_237' title='bbox 1213 2574 1242 2608; x_wconf 84' lang='lat' dir='ltr'>ex</span> <span class='ocrx_word' id='word_1_238' title='bbox 1259 2553 1343 2610; x_wconf 90' lang='lat' dir='ltr'>multu</span> <span class='ocrx_word' id='word_1_239' title='bbox 1355 2553 1471 2628; x_wconf 80' lang='lat' dir='ltr'>pluribus</span> <span class='ocrx_word' id='word_1_240' title='bbox 1480 2556 1608 2612; x_wconf 75' lang='lat' dir='ltr'>Graecum</span> <span class='ocrx_word' id='word_1_241' title='bbox 1622 2558 1678 2612; x_wconf 76' lang='lat' dir='ltr'>tis·</span> 
     </span>
     <span class='ocr_line' id='line_1_25' title="bbox 551 2638 1678 2712; baseline 0.004 -18"><span class='ocrx_word' id='word_1_242' title='bbox 551 2655 616 2710; x_wconf 68' lang='lat' dir='ltr'>guse</span> <span class='ocrx_word' id='word_1_243' title='bbox 629 2640 736 2694; x_wconf 76' lang='lat' dir='ltr'>lutitiae</span> <span class='ocrx_word' id='word_1_244' title='bbox 759 2657 813 2694; x_wconf 89' lang='lat' dir='ltr'>uon</span> <span class='ocrx_word' id='word_1_245' title='bbox 826 2641 905 2694; x_wconf 79' lang='lat' dir='ltr'>fuisse</span> <span class='ocrx_word' id='word_1_246' title='bbox 919 2639 1102 2710; x_wconf 70' lang='lat' dir='ltr'>peritissimum</span> <span class='ocrx_word' id='word_1_247' title='bbox 1118 2638 1213 2692; x_wconf 91' lang='lat' dir='ltr'>cuuiici</span> <span class='ocrx_word' id='word_1_248' title='bbox 1237 2647 1339 2710; x_wconf 89' lang='lat' dir='ltr'>potest,</span> <span class='ocrx_word' id='word_1_249' title='bbox 1357 2657 1442 2712; x_wconf 83' lang='lat' dir='ltr'>neque</span> <span class='ocrx_word' id='word_1_250' title='bbox 1458 2641 1513 2711; x_wconf 87' lang='lat' dir='ltr'>ipse</span> <span class='ocrx_word' id='word_1_251' title='bbox 1528 2641 1678 2698; x_wconf 74' lang='lat' dir='ltr'>inficietur.</span> 
     </span>
     <span class='ocr_line' id='line_1_26' title="bbox 551 2717 1679 2788; baseline 0 -14"><span class='ocrx_word' id='word_1_252' title='bbox 551 2717 617 2774; x_wconf 83' lang='lat' dir='ltr'>llam</span> <span class='ocrx_word' id='word_1_253' title='bbox 630 2718 701 2776; x_wconf 83' lang='lat' dir='ltr'>dum</span> <span class='ocrx_word' id='word_1_254' title='bbox 713 2723 820 2784; x_wconf 83' lang='lat' dir='ltr'>Romae,</span> <span class='ocrx_word' id='word_1_255' title='bbox 836 2728 864 2774; x_wconf 87' lang='lat' dir='ltr'>et</span> <span class='ocrx_word' id='word_1_256' title='bbox 885 2720 914 2773; x_wconf 91' lang='lat' dir='ltr'>iu</span> <span class='ocrx_word' id='word_1_257' title='bbox 933 2719 1026 2773; x_wconf 90' lang='lat' dir='ltr'>ceteris</span> <span class='ocrx_word' id='word_1_258' title='bbox 1039 2718 1129 2773; x_wconf 88' lang='lat' dir='ltr'>ltaliae</span> <span class='ocrx_word' id='word_1_259' title='bbox 1152 2717 1259 2771; x_wconf 86' lang='lat' dir='ltr'>urbibus</span> <span class='ocrx_word' id='word_1_260' title='bbox 1275 2725 1489 2784; x_wconf 79' lang='lat' dir='ltr'>commoreretur,</span> <span class='ocrx_word' id='word_1_261' title='bbox 1505 2727 1533 2772; x_wconf 92' lang='lat' dir='ltr'>ut</span> <span class='ocrx_word' id='word_1_262' title='bbox 1547 2719 1602 2788; x_wconf 85' lang='lat' dir='ltr'>ipae</span> <span class='ocrx_word' id='word_1_263' title='bbox 1619 2738 1679 2774; x_wconf 82' lang='lat' dir='ltr'>nos</span> 
     </span>
     <span class='ocr_line' id='line_1_27' title="bbox 551 2798 1681 2874; baseline 0.003 -20"><span class='ocrx_word' id='word_1_264' title='bbox 551 2799 580 2854; x_wconf 83' lang='lat' dir='ltr'>in</span> <span class='ocrx_word' id='word_1_265' title='bbox 596 2802 648 2854; x_wconf 85' lang='lat' dir='ltr'>vita</span> <span class='ocrx_word' id='word_1_266' title='bbox 664 2801 840 2856; x_wconf 79' lang='lat' dir='ltr'>Demoetdmis</span> <span class='ocrx_word' id='word_1_267' title='bbox 857 2800 932 2856; x_wconf 89' lang='lat' dir='ltr'>ducat</span> <span class='ocrx_word' id='word_1_268' title='bbox 941 2839 952 2866; x_wconf 89' lang='lat'>,</span> <span class='ocrx_word' id='word_1_269' title='bbox 968 2802 1059 2854; x_wconf 87' lang='lat' dir='ltr'>munis</span> <span class='ocrx_word' id='word_1_270' title='bbox 1074 2818 1140 2874; x_wconf 83' lang='lat' dir='ltr'>quae</span> <span class='ocrx_word' id='word_1_271' title='bbox 1161 2799 1227 2852; x_wconf 89' lang='lat' dir='ltr'>obiit</span> <span class='ocrx_word' id='word_1_272' title='bbox 1242 2809 1269 2852; x_wconf 92' lang='lat' dir='ltr'>et</span> <span class='ocrx_word' id='word_1_273' title='bbox 1283 2798 1475 2870; x_wconf 80' lang='lat' dir='ltr'>philosophicae</span> <span class='ocrx_word' id='word_1_274' title='bbox 1489 2801 1681 2874; x_wconf 74' lang='lat' dir='ltr'>disputationes</span> 
     </span>
     <span class='ocr_line' id='line_1_28' title="bbox 551 2880 1676 2955; baseline 0.004 -21"><span class='ocrx_word' id='word_1_275' title='bbox 551 2880 743 2954; x_wconf 86' lang='lat' dir='ltr'>impedimento</span> <span class='ocrx_word' id='word_1_276' title='bbox 759 2884 847 2948; x_wconf 84' lang='lat' dir='ltr'>luere,</span> <span class='ocrx_word' id='word_1_277' title='bbox 863 2902 897 2938; x_wconf 93' lang='lat' dir='ltr'>ue</span> <span class='ocrx_word' id='word_1_278' title='bbox 913 2885 1034 2938; x_wconf 86' lang='lat' dir='ltr'>Latinam</span> <span class='ocrx_word' id='word_1_279' title='bbox 1051 2881 1167 2953; x_wconf 75' lang='lat' dir='ltr'>linguam</span> <span class='ocrx_word' id='word_1_280' title='bbox 1181 2881 1321 2954; x_wconf 73' lang='lat' dir='ltr'>diiigenter</span> <span class='ocrx_word' id='word_1_281' title='bbox 1332 2885 1484 2955; x_wconf 85' lang='lat' dir='ltr'>perciperet;</span> <span class='ocrx_word' id='word_1_282' title='bbox 1495 2883 1676 2938; x_wconf 80' lang='lat' dir='ltr'>Romanorum</span> 
     </span>
     <span class='ocr_line' id='line_1_29' title="bbox 552 2964 1675 3038; baseline 0.008 -23"><span class='ocrx_word' id='word_1_283' title='bbox 552 2981 616 3018; x_wconf 84' lang='lat' dir='ltr'>vero</span> <span class='ocrx_word' id='word_1_284' title='bbox 632 2964 723 3032; x_wconf 80' lang='lat' dir='ltr'>libros,</span> <span class='ocrx_word' id='word_1_285' title='bbox 739 2985 824 3037; x_wconf 89' lang='lat' dir='ltr'>quum</span> <span class='ocrx_word' id='word_1_286' title='bbox 841 2969 894 3020; x_wconf 91' lang='lat' dir='ltr'>iam</span> <span class='ocrx_word' id='word_1_287' title='bbox 911 2966 999 3020; x_wconf 85' lang='lat' dir='ltr'>senior</span> <span class='ocrx_word' id='word_1_288' title='bbox 1011 2974 1088 3028; x_wconf 86' lang='lat' dir='ltr'>esset,</span> <span class='ocrx_word' id='word_1_289' title='bbox 1105 2965 1191 3038; x_wconf 70' lang='lat' dir='ltr'>legere</span> <span class='ocrx_word' id='word_1_290' title='bbox 1203 2966 1296 3036; x_wconf 86' lang='lat' dir='ltr'>coepit,</span> <span class='ocrx_word' id='word_1_291' title='bbox 1309 2985 1356 3020; x_wconf 88' lang='lat' dir='ltr'>uec</span> <span class='ocrx_word' id='word_1_292' title='bbox 1374 2976 1427 3020; x_wconf 91' lang='lat' dir='ltr'>tam</span> <span class='ocrx_word' id='word_1_293' title='bbox 1445 2965 1530 3022; x_wconf 79' lang='lat' dir='ltr'>verbis</span> <span class='ocrx_word' id='word_1_294' title='bbox 1544 2969 1608 3022; x_wconf 82' lang='lat' dir='ltr'>tseu</span> <span class='ocrx_word' id='word_1_295' title='bbox 1628 2967 1675 3024; x_wconf 90' lang='lat' dir='ltr'>di·</span> 
     </span>
     <span class='ocr_line' id='line_1_30' title="bbox 551 3042 1674 3118; baseline 0.004 -20"><span class='ocrx_word' id='word_1_296' title='bbox 551 3042 622 3116; x_wconf 84' lang='lat' dir='ltr'>diets,</span> <span class='ocrx_word' id='word_1_297' title='bbox 640 3067 716 3118; x_wconf 83' lang='lat' dir='ltr'>quam</span> <span class='ocrx_word' id='word_1_298' title='bbox 731 3048 809 3102; x_wconf 81' lang='lat' dir='ltr'>verbs</span> <span class='ocrx_word' id='word_1_299' title='bbox 826 3047 907 3102; x_wconf 80' lang='lat' dir='ltr'>sectis.</span> <span class='ocrx_word' id='word_1_300' title='bbox 922 3046 987 3100; x_wconf 84' lang='lat' dir='ltr'>Huic</span> <span class='ocrx_word' id='word_1_301' title='bbox 1002 3045 1118 3101; x_wconf 86' lang='lat' dir='ltr'>inscitiae</span> <span class='ocrx_word' id='word_1_302' title='bbox 1132 3045 1239 3118; x_wconf 87' lang='lat' dir='ltr'>quidam</span> <span class='ocrx_word' id='word_1_303' title='bbox 1263 3065 1365 3102; x_wconf 86' lang='lat' dir='ltr'>errores</span> <span class='ocrx_word' id='word_1_304' title='bbox 1382 3051 1409 3104; x_wconf 90' lang='lat' dir='ltr'>iu</span> <span class='ocrx_word' id='word_1_305' title='bbox 1423 3048 1559 3102; x_wconf 70' lang='lat' dir='ltr'>Plutarcho</span> <span class='ocrx_word' id='word_1_306' title='bbox 1573 3047 1674 3102; x_wconf 84' lang='lat' dir='ltr'>adseri·</span> 
     </span>
     <span class='ocr_line' id='line_1_31' title="bbox 550 3121 1675 3202; baseline 0.006 -25"><span class='ocrx_word' id='word_1_307' title='bbox 550 3121 712 3194; x_wconf 82' lang='lat' dir='ltr'>bendisuut,</span> <span class='ocrx_word' id='word_1_308' title='bbox 729 3137 754 3182; x_wconf 92' lang='lat' dir='ltr'>et</span> <span class='ocrx_word' id='word_1_309' title='bbox 767 3126 794 3182; x_wconf 90' lang='lat' dir='ltr'>id</span> <span class='ocrx_word' id='word_1_310' title='bbox 808 3128 836 3182; x_wconf 91' lang='lat' dir='ltr'>iu</span> <span class='ocrx_word' id='word_1_311' title='bbox 854 3128 964 3198; x_wconf 85' lang='lat' dir='ltr'>primis,</span> <span class='ocrx_word' id='word_1_312' title='bbox 980 3125 1047 3198; x_wconf 90' lang='lat' dir='ltr'>quod</span> <span class='ocrx_word' id='word_1_313' title='bbox 1071 3125 1179 3191; x_wconf 85' lang='lat' dir='ltr'>omnia,</span> <span class='ocrx_word' id='word_1_314' title='bbox 1202 3145 1268 3196; x_wconf 90' lang='lat' dir='ltr'>quae</span> <span class='ocrx_word' id='word_1_315' title='bbox 1288 3125 1320 3182; x_wconf 88' lang='lat' dir='ltr'>de</span> <span class='ocrx_word' id='word_1_316' title='bbox 1337 3131 1460 3182; x_wconf 84' lang='lat' dir='ltr'>Romanis</span> <span class='ocrx_word' id='word_1_317' title='bbox 1477 3129 1675 3202; x_wconf 83' lang='lat' dir='ltr'>imperatoribus</span> 
     </span>
     <span class='ocr_line' id='line_1_32' title="bbox 551 3205 1676 3282; baseline 0.008 -27"><span class='ocrx_word' id='word_1_318' title='bbox 551 3218 699 3272; x_wconf 81' lang='lat' dir='ltr'>memorat,</span> <span class='ocrx_word' id='word_1_319' title='bbox 724 3227 778 3261; x_wconf 91' lang='lat' dir='ltr'>uon</span> <span class='ocrx_word' id='word_1_320' title='bbox 802 3207 926 3265; x_wconf 79' lang='lat' dir='ltr'>facillime</span> <span class='ocrx_word' id='word_1_321' title='bbox 944 3208 975 3262; x_wconf 89' lang='lat' dir='ltr'>iis</span> <span class='ocrx_word' id='word_1_322' title='bbox 991 3205 1179 3281; x_wconf 76' lang='lat' dir='ltr'>intelligantur,</span> <span class='ocrx_word' id='word_1_323' title='bbox 1196 3208 1242 3278; x_wconf 87' lang='lat' dir='ltr'>qui</span> <span class='ocrx_word' id='word_1_324' title='bbox 1264 3209 1356 3262; x_wconf 85' lang='lat' dir='ltr'>Latina</span> <span class='ocrx_word' id='word_1_325' title='bbox 1380 3211 1475 3282; x_wconf 77' lang='lat' dir='ltr'>scripte</span> <span class='ocrx_word' id='word_1_326' title='bbox 1492 3229 1546 3264; x_wconf 87' lang='lat' dir='ltr'>nou</span> <span class='ocrx_word' id='word_1_327' title='bbox 1567 3221 1676 3266; x_wconf 85' lang='lat' dir='ltr'>norunt.</span> 
     </span>
     <span class='ocr_line' id='line_1_33' title="bbox 551 3287 1674 3363; baseline 0.002 -21"><span class='ocrx_word' id='word_1_328' title='bbox 551 3292 625 3360; x_wconf 85' lang='lat' dir='ltr'>Quin</span> <span class='ocrx_word' id='word_1_329' title='bbox 639 3288 712 3342; x_wconf 86' lang='lat' dir='ltr'>idem</span> <span class='ocrx_word' id='word_1_330' title='bbox 725 3289 758 3340; x_wconf 89' lang='lat' dir='ltr'>de</span> <span class='ocrx_word' id='word_1_331' title='bbox 772 3287 879 3344; x_wconf 85' lang='lat' dir='ltr'>Graecis</span> <span class='ocrx_word' id='word_1_332' title='bbox 890 3290 970 3341; x_wconf 82' lang='lat' dir='ltr'>etiem</span> <span class='ocrx_word' id='word_1_333' title='bbox 987 3287 1096 3343; x_wconf 86' lang='lat' dir='ltr'>ducibus</span> <span class='ocrx_word' id='word_1_334' title='bbox 1108 3293 1192 3344; x_wconf 80' lang='lat' dir='ltr'>susim</span> <span class='ocrx_word' id='word_1_335' title='bbox 1209 3289 1311 3355; x_wconf 88' lang='lat' dir='ltr'>dicere,</span> <span class='ocrx_word' id='word_1_336' title='bbox 1332 3293 1359 3346; x_wconf 89' lang='lat' dir='ltr'>iu</span> <span class='ocrx_word' id='word_1_337' title='bbox 1376 3307 1488 3363; x_wconf 87' lang='lat' dir='ltr'>quorum</span> <span class='ocrx_word' id='word_1_338' title='bbox 1505 3291 1571 3348; x_wconf 79' lang='lat' dir='ltr'>Vitis</span> <span class='ocrx_word' id='word_1_339' title='bbox 1589 3291 1674 3344; x_wconf 84' lang='lat' dir='ltr'>mults</span> 
     </span>
     <span class='ocr_line' id='line_1_34' title="bbox 552 3368 1673 3448; baseline 0.003 -22"><span class='ocrx_word' id='word_1_340' title='bbox 552 3388 645 3426; x_wconf 77' lang='lat' dir='ltr'>mauce</span> <span class='ocrx_word' id='word_1_341' title='bbox 658 3379 685 3422; x_wconf 91' lang='lat' dir='ltr'>et</span> <span class='ocrx_word' id='word_1_342' title='bbox 698 3368 805 3422; x_wconf 78' lang='lat' dir='ltr'>obscure</span> <span class='ocrx_word' id='word_1_343' title='bbox 818 3369 936 3423; x_wconf 79' lang='lat' dir='ltr'>invenire</span> <span class='ocrx_word' id='word_1_344' title='bbox 948 3378 995 3432; x_wconf 88' lang='lat' dir='ltr'>est,</span> <span class='ocrx_word' id='word_1_345' title='bbox 1008 3371 1057 3422; x_wconf 86' lang='lat' dir='ltr'>nisi</span> <span class='ocrx_word' id='word_1_346' title='bbox 1068 3370 1139 3441; x_wconf 90' lang='lat' dir='ltr'>prius</span> <span class='ocrx_word' id='word_1_347' title='bbox 1151 3375 1272 3443; x_wconf 84' lang='lat' dir='ltr'>antiquos</span> <span class='ocrx_word' id='word_1_348' title='bbox 1286 3381 1409 3438; x_wconf 89' lang='lat' dir='ltr'>auctores,</span> <span class='ocrx_word' id='word_1_349' title='bbox 1425 3383 1451 3427; x_wconf 90' lang='lat' dir='ltr'>et</span> <span class='ocrx_word' id='word_1_350' title='bbox 1465 3393 1511 3428; x_wconf 87' lang='lat' dir='ltr'>eos</span> <span class='ocrx_word' id='word_1_351' title='bbox 1522 3375 1565 3448; x_wconf 83' lang='lat' dir='ltr'>qui</span> <span class='ocrx_word' id='word_1_352' title='bbox 1576 3372 1673 3428; x_wconf 70' lang='lat' dir='ltr'>euclem</span> 
     </span>
     <span class='ocr_line' id='line_1_35' title="bbox 552 3448 1674 3527; baseline 0.001 -19"><span class='ocrx_word' id='word_1_353' title='bbox 552 3469 630 3524; x_wconf 76' lang='lat' dir='ltr'>quum</span> <span class='ocrx_word' id='word_1_354' title='bbox 646 3448 797 3508; x_wconf 74' lang='lat' dir='ltr'>Plutarchus</span> <span class='ocrx_word' id='word_1_355' title='bbox 814 3459 1005 3516; x_wconf 81' lang='lat' dir='ltr'>tractaverunt,</span> <span class='ocrx_word' id='word_1_356' title='bbox 1022 3449 1187 3506; x_wconf 69' lang='lat' dir='ltr'>lectitaveris.</span> <span class='ocrx_word' id='word_1_357' title='bbox 1209 3453 1293 3510; x_wconf 81' lang='lat' dir='ltr'>Mults</span> <span class='ocrx_word' id='word_1_358' title='bbox 1310 3457 1338 3510; x_wconf 90' lang='lat' dir='ltr'>iu</span> <span class='ocrx_word' id='word_1_359' title='bbox 1357 3455 1481 3527; x_wconf 77' lang='lat' dir='ltr'>Agesilao</span> <span class='ocrx_word' id='word_1_360' title='bbox 1506 3459 1561 3512; x_wconf 89' lang='lat' dir='ltr'>sine</span> <span class='ocrx_word' id='word_1_361' title='bbox 1576 3455 1674 3509; x_wconf 83' lang='grc' dir='ltr'>Χιιιο-</span> 
     </span>
     <span class='ocr_line' id='line_1_36' title="bbox 552 3527 1674 3610; baseline 0.005 -24"><span class='ocrx_word' id='word_1_362' title='bbox 552 3527 659 3608; x_wconf 81' lang='lat' dir='ltr'>phuute,</span> <span class='ocrx_word' id='word_1_363' title='bbox 669 3533 696 3588; x_wconf 90' lang='lat' dir='ltr'>iu</span> <span class='ocrx_word' id='word_1_364' title='bbox 708 3530 820 3598; x_wconf 62' lang='lat' dir='ltr'>amorre,</span> <span class='ocrx_word' id='word_1_365' title='bbox 834 3531 945 3598; x_wconf 81' lang='lat' dir='ltr'>Pericle,</span> <span class='ocrx_word' id='word_1_366' title='bbox 957 3529 1037 3588; x_wconf 79' lang='lat' dir='ltr'>Nicia</span> <span class='ocrx_word' id='word_1_367' title='bbox 1048 3533 1104 3588; x_wconf 89' lang='lat' dir='ltr'>siue</span> <span class='ocrx_word' id='word_1_368' title='bbox 1117 3532 1274 3606; x_wconf 82' lang='lat' dir='ltr'>Thucydide</span> <span class='ocrx_word' id='word_1_369' title='bbox 1285 3555 1338 3590; x_wconf 90' lang='lat' dir='ltr'>uon</span> <span class='ocrx_word' id='word_1_370' title='bbox 1348 3537 1485 3610; x_wconf 73' lang='lat' dir='ltr'>intelliges.</span> <span class='ocrx_word' id='word_1_371' title='bbox 1499 3539 1580 3609; x_wconf 85' lang='lat' dir='ltr'>Saepe</span> <span class='ocrx_word' id='word_1_372' title='bbox 1591 3537 1674 3592; x_wconf 76' lang='lat' dir='ltr'>etiam</span> 
     </span>
    </p>
   </div>
   <div class='ocr_carea' id='block_1_5' title="bbox 428 3612 1673 3691">
    <p class='ocr_par' dir='ltr' id='par_1_7' title="bbox 428 3612 1673 3691">
     <span class='ocr_line' id='line_1_37' title="bbox 428 3612 1673 3691; baseline -0.006 -17"><span class='ocrx_word' id='word_1_373' title='bbox 428 3616 437 3635; x_wconf 82' lang='lat'>&#39;</span> <span class='ocrx_word' id='word_1_374' title='bbox 552 3629 622 3674; x_wconf 88' lang='lat' dir='ltr'>errat</span> <span class='ocrx_word' id='word_1_375' title='bbox 638 3620 668 3673; x_wconf 92' lang='lat' dir='ltr'>iu</span> <span class='ocrx_word' id='word_1_376' title='bbox 683 3617 760 3672; x_wconf 88' lang='lat' dir='ltr'>rebus</span> <span class='ocrx_word' id='word_1_377' title='bbox 776 3614 923 3670; x_wconf 80' lang='lat' dir='ltr'>notissimis.</span> <span class='ocrx_word' id='word_1_378' title='bbox 943 3615 1052 3684; x_wconf 84' lang='lat' dir='ltr'>uQuum</span> <span class='ocrx_word' id='word_1_379' title='bbox 1068 3612 1228 3682; x_wconf 79' lang='lat' dir='ltr'>Alexander,</span> <span class='ocrx_word' id='word_1_380' title='bbox 1244 3619 1339 3690; x_wconf 85' lang='lat' dir='ltr'>inquit,</span> <span class='ocrx_word' id='word_1_381' title='bbox 1357 3637 1428 3674; x_wconf 88' lang='lat' dir='ltr'>raros</span> <span class='ocrx_word' id='word_1_382' title='bbox 1443 3619 1568 3691; x_wconf 84' lang='lat' dir='ltr'>quosdam</span> <span class='ocrx_word' id='word_1_383' title='bbox 1582 3631 1609 3674; x_wconf 76' lang='grc' dir='ltr'>ιι</span> <span class='ocrx_word' id='word_1_384' title='bbox 1622 3623 1673 3678; x_wconf 65' lang='lat' dir='ltr'>de.</span> 
     </span>
    </p>
   </div>
   <div class='ocr_carea' id='block_1_6' title="bbox 551 3695 1674 3775">
    <p class='ocr_par' dir='ltr' id='par_1_8' title="bbox 551 3695 1674 3775">
     <span class='ocr_line' id='line_1_38' title="bbox 551 3695 1674 3775; baseline 0.001 -19"><span class='ocrx_word' id='word_1_385' title='bbox 551 3701 640 3756; x_wconf 86' lang='lat' dir='ltr'>licatos</span> <span class='ocrx_word' id='word_1_386' title='bbox 656 3697 791 3772; x_wconf 72' lang='lat' dir='ltr'>pisciculos</span> <span class='ocrx_word' id='word_1_387' title='bbox 806 3695 990 3770; x_wconf 80' lang='lat' dir='ltr'>Hephaestioni</span> <span class='ocrx_word' id='word_1_388' title='bbox 1006 3696 1123 3750; x_wconf 79' lang='lat' dir='ltr'>misisset:</span> <span class='ocrx_word' id='word_1_389' title='bbox 1137 3697 1207 3768; x_wconf 74' lang='lat' dir='ltr'>Ego,</span> <span class='ocrx_word' id='word_1_390' title='bbox 1220 3697 1304 3770; x_wconf 86' lang='lat' dir='ltr'>iuquit</span> <span class='ocrx_word' id='word_1_391' title='bbox 1317 3700 1480 3754; x_wconf 77' lang='lat' dir='ltr'>Anuaiehus</span> <span class='ocrx_word' id='word_1_392' title='bbox 1493 3702 1674 3775; x_wconf 75' lang='lat' dir='ltr'>philowplsus,</span> 
     </span>
    </p>
   </div>
   <div class='ocr_carea' id='block_1_7' title="bbox 550 3777 1685 3932">
    <p class='ocr_par' dir='ltr' id='par_1_9' title="bbox 550 3777 1685 3932">
     <span class='ocr_line' id='line_1_39' title="bbox 550 3777 1685 3857; baseline 0.004 -23"><span class='ocrx_word' id='word_1_393' title='bbox 550 3795 709 3851; x_wconf 77' lang='lat' dir='ltr'>satraparum</span> <span class='ocrx_word' id='word_1_394' title='bbox 725 3781 809 3850; x_wconf 84' lang='lat' dir='ltr'>capita</span> <span class='ocrx_word' id='word_1_395' title='bbox 821 3779 986 3832; x_wconf 69' lang='lat' dir='ltr'>malducus</span> <span class='ocrx_word' id='word_1_396' title='bbox 1005 3777 1057 3846; x_wconf 88' lang='lat' dir='ltr'>Qui</span> <span class='ocrx_word' id='word_1_397' title='bbox 1070 3795 1160 3832; x_wconf 90' lang='lat' dir='ltr'>seusus</span> <span class='ocrx_word' id='word_1_398' title='bbox 1176 3778 1216 3832; x_wconf 90' lang='lat' dir='ltr'>his</span> <span class='ocrx_word' id='word_1_399' title='bbox 1233 3781 1319 3834; x_wconf 86' lang='lat' dir='ltr'>verbis</span> <span class='ocrx_word' id='word_1_400' title='bbox 1336 3782 1364 3834; x_wconf 92' lang='lat' dir='ltr'>iu</span> <span class='ocrx_word' id='word_1_401' title='bbox 1383 3782 1436 3836; x_wconf 89' lang='lat' dir='ltr'>hun</span> <span class='ocrx_word' id='word_1_402' title='bbox 1492 3781 1571 3838; x_wconf 87' lang='lat' dir='ltr'>orium</span> <span class='ocrx_word' id='word_1_403' title='bbox 1591 3803 1685 3857; x_wconf 58' lang='lat' dir='ltr'>expo3</span> 
     </span>
     <span class='ocr_line' id='line_1_40' title="bbox 551 3801 1676 3932; baseline 0.004 -15"><span class='ocrx_word' id='word_1_404' title='bbox 551 3861 607 3917; x_wconf 89' lang='lat' dir='ltr'>sitis</span> <span class='ocrx_word' id='word_1_405' title='bbox 620 3861 725 3915; x_wconf 87' lang='lat' dir='ltr'>subesse</span> <span class='ocrx_word' id='word_1_406' title='bbox 741 3860 831 3932; x_wconf 88' lang='lat' dir='ltr'>possit,</span> <span class='ocrx_word' id='word_1_407' title='bbox 844 3879 934 3923; x_wconf 87' lang='lat' dir='ltr'>nemo,</span> <span class='ocrx_word' id='word_1_408' title='bbox 948 3867 977 3914; x_wconf 90' lang='lat' dir='ltr'>ut</span> <span class='ocrx_word' id='word_1_409' title='bbox 990 3858 1111 3925; x_wconf 88' lang='lat' dir='ltr'>arbitror,</span> <span class='ocrx_word' id='word_1_410' title='bbox 1125 3861 1267 3929; x_wconf 86' lang='lat' dir='ltr'>suspicabit·</span> <span class='ocrx_word' id='word_1_411' title='bbox 1282 3881 1303 3918; x_wconf 91' lang='lat' dir='ltr'>r.</span> <span class='ocrx_word' id='word_1_412' title='bbox 1320 3862 1373 3916; x_wconf 85' lang='lat' dir='ltr'>Nec</span> <span class='ocrx_word' id='word_1_413' title='bbox 1390 3801 1515 3918; x_wconf 51' lang='lat' dir='ltr'>lucffiors</span> <span class='ocrx_word' id='word_1_414' title='bbox 1532 3865 1594 3919; x_wconf 82' lang='lat' dir='ltr'>lecit</span> <span class='ocrx_word' id='word_1_415' title='bbox 1607 3865 1676 3921; x_wconf 86' lang='lat' dir='ltr'>Plu·</span> 
     </span>
    </p>
   </div>
   <div class='ocr_carea' id='block_1_8' title="bbox 550 3933 1676 4345">
    <p class='ocr_par' dir='ltr' id='par_1_10' title="bbox 550 3933 1676 4345">
     <span class='ocr_line' id='line_1_41' title="bbox 552 3933 1673 4020; baseline 0.003 -23"><span class='ocrx_word' id='word_1_416' title='bbox 552 3941 664 4010; x_wconf 87' lang='lat' dir='ltr'>tsrchus,</span> <span class='ocrx_word' id='word_1_417' title='bbox 676 3960 758 4016; x_wconf 88' lang='lat' dir='ltr'>quum</span> <span class='ocrx_word' id='word_1_418' title='bbox 775 3941 841 3996; x_wconf 86' lang='lat' dir='ltr'>hauc</span> <span class='ocrx_word' id='word_1_419' title='bbox 853 3940 952 3994; x_wconf 87' lang='lat' dir='ltr'>addidit</span> <span class='ocrx_word' id='word_1_420' title='bbox 965 3943 1128 3995; x_wconf 74' lang='lat' dir='ltr'>senteutiam:</span> <span class='ocrx_word' id='word_1_421' title='bbox 1143 3933 1204 3996; x_wconf 85' lang='grc' dir='ltr'>Οἶιν</span> <span class='ocrx_word' id='word_1_422' title='bbox 1219 3942 1407 4010; x_wconf 68' lang='grc' dir='ltr'>ίξιιτιλῐζοντιι</span> <span class='ocrx_word' id='word_1_423' title='bbox 1420 3946 1465 4000; x_wconf 80' lang='grc' dir='ltr'>καὶ</span> <span class='ocrx_word' id='word_1_424' title='bbox 1485 3947 1673 4020; x_wconf 65' lang='lat' dir='ltr'>increpueriti-</span> 
     </span>
     <span class='ocr_line' id='line_1_42' title="bbox 550 4019 1670 4094; baseline 0.002 -16"><span class='ocrx_word' id='word_1_425' title='bbox 550 4021 741 4094; x_wconf 67' lang='lat' dir='ltr'>pessumire&amp;</span> <span class='ocrx_word' id='word_1_426' title='bbox 754 4022 909 4094; x_wconf 66' lang='grc' dir='ltr'>ῃρίΰλιιιτιι</span> <span class='ocrx_word' id='word_1_427' title='bbox 920 4021 1040 4094; x_wconf 69' lang='lat' dir='ltr'>perpellere</span> <span class='ocrx_word' id='word_1_428' title='bbox 1053 4021 1139 4086; x_wconf 77' lang='grc' dir='ltr'>πίνοις</span> <span class='ocrx_word' id='word_1_429' title='bbox 1153 4023 1199 4078; x_wconf 82' lang='grc' dir='ltr'>καὶ</span> <span class='ocrx_word' id='word_1_430' title='bbox 1219 4019 1344 4088; x_wconf 75' lang='grc' dir='ltr'>κινδύνοις</span> <span class='ocrx_word' id='word_1_431' title='bbox 1354 4022 1505 4091; x_wconf 73' lang='grc' dir='ltr'>διώκοντας,</span> <span class='ocrx_word' id='word_1_432' title='bbox 1518 4023 1638 4089; x_wconf 70' lang='lat' dir='ltr'>ricuidis</span> <span class='ocrx_word' id='word_1_433' title='bbox 1651 4025 1670 4086; x_wconf 77' lang='grc' dir='ltr'><strong>ἦ</strong></span> 
     </span>
     <span class='ocr_line' id='line_1_43' title="bbox 550 4099 1674 4179; baseline 0.001 -20"><span class='ocrx_word' id='word_1_434' title='bbox 550 4103 641 4179; x_wconf 80' lang='grc' dir='ltr'>μικρὸν</span> <span class='ocrx_word' id='word_1_435' title='bbox 652 4103 679 4160; x_wconf 84' lang='lat' dir='ltr'>is</span> <span class='ocrx_word' id='word_1_436' title='bbox 691 4101 795 4168; x_wconf 82' lang='grc' dir='ltr'>ἡδοναῖς</span> <span class='ocrx_word' id='word_1_437' title='bbox 811 4103 856 4158; x_wconf 79' lang='lat' dir='ltr'>scri</span> <span class='ocrx_word' id='word_1_438' title='bbox 866 4103 1022 4158; x_wconf 79' lang='grc' dir='ltr'>ἀπιλιιύσιιι</span> <span class='ocrx_word' id='word_1_439' title='bbox 1039 4103 1115 4158; x_wconf 74' lang='lat' dir='ltr'>ulica</span> <span class='ocrx_word' id='word_1_440' title='bbox 1128 4099 1246 4176; x_wconf 70' lang='grc' dir='ltr'>ἔχοντας.</span> <span class='ocrx_word' id='word_1_441' title='bbox 1264 4104 1293 4158; x_wconf 90' lang='lat' dir='ltr'>ld</span> <span class='ocrx_word' id='word_1_442' title='bbox 1316 4115 1418 4160; x_wconf 89' lang='lat' dir='ltr'>tautum</span> <span class='ocrx_word' id='word_1_443' title='bbox 1434 4111 1566 4169; x_wconf 87' lang='lat' dir='ltr'>novimus,</span> <span class='ocrx_word' id='word_1_444' title='bbox 1583 4110 1674 4178; x_wconf 81' lang='lat' dir='ltr'>ipsum</span> 
     </span>
     <span class='ocr_line' id='line_1_44' title="bbox 551 4183 1676 4259; baseline 0.004 -17"><span class='ocrx_word' id='word_1_445' title='bbox 551 4187 683 4243; x_wconf 85' lang='lat' dir='ltr'>Plut.non</span> <span class='ocrx_word' id='word_1_446' title='bbox 702 4185 856 4257; x_wconf 87' lang='lat' dir='ltr'>percepisse,</span> <span class='ocrx_word' id='word_1_447' title='bbox 875 4184 939 4256; x_wconf 86' lang='lat' dir='ltr'>quid</span> <span class='ocrx_word' id='word_1_448' title='bbox 957 4184 1006 4242; x_wconf 87' lang='lat' dir='ltr'>sibi</span> <span class='ocrx_word' id='word_1_449' title='bbox 1030 4183 1129 4240; x_wconf 86' lang='lat' dir='ltr'>vellent</span> <span class='ocrx_word' id='word_1_450' title='bbox 1144 4185 1207 4242; x_wconf 81' lang='lat' dir='ltr'>ltsec</span> <span class='ocrx_word' id='word_1_451' title='bbox 1228 4187 1372 4242; x_wconf 78' lang='lat' dir='ltr'>Anaxarchi</span> <span class='ocrx_word' id='word_1_452' title='bbox 1394 4190 1476 4244; x_wconf 79' lang='lat' dir='ltr'>verba.</span> <span class='ocrx_word' id='word_1_453' title='bbox 1491 4189 1581 4259; x_wconf 87' lang='lat' dir='ltr'>Quum</span> <span class='ocrx_word' id='word_1_454' title='bbox 1596 4191 1676 4246; x_wconf 84' lang='lat' dir='ltr'>euim</span> 
     </span>
     <span class='ocr_line' id='line_1_45' title="bbox 552 4267 1674 4345; baseline 0.008 -23"><span class='ocrx_word' id='word_1_455' title='bbox 552 4268 702 4324; x_wconf 80' lang='lat' dir='ltr'>Anissrclso</span> <span class='ocrx_word' id='word_1_456' title='bbox 718 4267 815 4328; x_wconf 86' lang='lat' dir='ltr'>inrisus</span> <span class='ocrx_word' id='word_1_457' title='bbox 825 4275 892 4324; x_wconf 86' lang='lat' dir='ltr'>essct</span> <span class='ocrx_word' id='word_1_458' title='bbox 908 4268 1060 4338; x_wconf 84' lang='lat' dir='ltr'>Nicocreon,</span> <span class='ocrx_word' id='word_1_459' title='bbox 1078 4270 1161 4344; x_wconf 80' lang='lat' dir='ltr'>Cypri</span> <span class='ocrx_word' id='word_1_460' title='bbox 1185 4278 1307 4343; x_wconf 81' lang='lat' dir='ltr'>satrapes,</span> <span class='ocrx_word' id='word_1_461' title='bbox 1320 4280 1374 4326; x_wconf 87' lang='lat' dir='ltr'>ets</span> <span class='ocrx_word' id='word_1_462' title='bbox 1391 4271 1542 4345; x_wconf 86' lang='lat' dir='ltr'>philosopho</span> <span class='ocrx_word' id='word_1_463' title='bbox 1554 4270 1674 4330; x_wconf 79' lang='lat' dir='ltr'>Alessn·</span> 
     </span>
    </p>
   </div>
   <div class='ocr_carea' id='block_1_9' title="bbox 0 0 1803 5808">
    <p class='ocr_par' dir='ltr' id='par_1_11' title="bbox 0 0 1803 5808">
     <span class='ocr_line' id='line_1_46' title="bbox 0 0 1803 5808; baseline 0 0"><span class='ocrx_word' id='word_1_464' title='bbox 0 0 1803 5808; x_wconf 95' lang='lat' dir='ltr'> </span> 
     </span>
    </p>
   </div>
  </div>
 </body>
</html>
