3528 5780
579 531 803 600 venronvn
1161 523 1266 630 4212

143 731 235 805 Neque
248 733 326 801 sedet,
339 733 637 808 reformatorem
650 737 769 806 aedium,
784 755 847 812 pasus
861 727 1199 813 maurimontem
1211 747 1264 814 φᾶ

144 836 218 872 nemo
232 817 339 883 merlis,
356 821 405 872 nisi
418 822 562 890 propterque
575 825 726 892 cognatam
742 825 892 878 currimus.
913 823 1007 877 Nonne
1023 823 1109 894 Nepos
1121 819 1149 876 b.
1167 820 1188 875 l.
1204 840 1262 878 res·

144 893 217 968 picit,
231 913 284 950 non
300 894 407 968 quidem
421 898 511 965 verbs,
534 899 581 953 sed
598 903 757 956 sententiem
773 901 913 968 Ciceronis,
928 901 1005 956 libii
1024 905 1103 957 Tuse.
1120 901 1222 976 Dispnt.
1238 919 1263 961 c.

145 983 187 1031 lte
202 975 274 1047 Quae
287 978 427 1050 (luminae)
443 985 532 1036 ueteris
544 983 681 1038 inturbidus
698 986 846 1040 mollissimo
858 985 925 1040 uultu
939 986 1061 1056 parietem
1073 984 1169 1040 rosiris
1184 1003 1263 1038 orese-

143 1061 232 1116 turum
250 1061 378 1118 Servare

175 1225 434 1296 Esmsoeneevlll,
445 1245 471 1300 p.
486 1231 545 1283 245.
559 1227 593 1282 le
606 1225 727 1300 periculo.
739 1230 829 1300 Quum
838 1229 886 1284 viri
895 1229 964 1284 docti
978 1247 1031 1286 non
1043 1229 1103 1285 setis
1118 1245 1262 1303 congruere

141 1307 203 1362 huie
219 1309 258 1364 rei
276 1327 365 1364 vocem
385 1311 521 1380 periculam
542 1321 686 1375 censerent,
703 1312 823 1366 certetim
840 1329 899 1366 eem
922 1311 1062 1367 emendere
1087 1311 1174 1365 conati
1190 1323 1261 1369 sunta
1361 1363 1371 1386 ,

141 1389 224 1444 Aldue
240 1395 268 1444 irs
283 1391 394 1464 repellero
410 1391 508 1445 edidit.-
526 1411 607 1464 quem
623 1392 765 1448 lectionem
777 1395 967 1460 Hotomsnnue,
985 1395 1022 1450 lll
1039 1393 1095 1450 obe.
1107 1395 1151 1457 20,
1165 1400 1262 1462 tuetur,

142 1473 298 1548 probatque,
309 1482 336 1526 et
348 1474 399 1528 lec.
415 1473 590 1529 Gotboireelus
604 1474 633 1528 in
653 1475 840 1529 commenterio
857 1475 890 1528 ed
906 1475 926 1530 Ι.
943 1475 977 1542 ll,
991 1474 1057 1530 Coei.
1078 1474 1211 1530 Theodec.
1227 1473 1262 1530 de

140 1563 253 1610 eentent.
269 1575 302 1610 ee
316 1555 431 1626 pniculo
444 1557 548 1628 recipit,
563 1574 621 1629 ρας.
640 1562 688 1614 393
706 1557 848 1630 longolius
863 1557 973 1614 coniecit
996 1553 1048 1630 leg.
1069 1562 1096 1612 irs
1117 1558 1262 1630 perietyls'o.

140 1637 294 1701 Memmius,
305 1641 332 1690 irs
344 1638 454 1709 emmiu.
463 1637 617 1702 Lambinus,
631 1643 658 1693 irs
670 1643 756 1712 cippo,
768 1639 810 1698 rel
820 1645 847 1693 ies'
857 1640 965 1712 cippulo.
973 1639 1131 1706 buchnerus,
1142 1639 1261 1706 utun,

143 1720 161 1773 i.
181 1738 207 1774 e.
220 1720 304 1782 αἰτίας
317 1720 461 1804 ἐπιγραφῇ,
480 1720 548 1792 qnod
562 1723 640 1774 etiem
653 1719 693 1776 Cl.
707 1721 884 1777 Kircbmeiero
896 1721 999 1794 plaeere
1013 1721 1101 1788 video,
1114 1721 1159 1776 sed
1173 1723 1221 1786 ite,
1230 1729 1261 1776 et

141 1801 272 1870 rideatur,
286 1803 388 1858 eductus
402 1804 555 1857 testimoniis
573 1801 701 1858 Plutarchi
726 1811 752 1856 et
772 1802 884 1868 Aeliani,
900 1815 928 1858 et
942 1807 1049 1878 entique
1065 1803 1263 1870 consuetudins,

141 1884 169 1938 id
181 1887 266 1959 potine
282 1885 315 1940 de
329 1885 451 1941 columne
464 1885 601 1958 sepulcrali
614 1887 669 1942 eive
686 1887 853 1959 inscriptione
871 1888 1036 1942 monumenti
1053 1885 1261 1960 Eperrsinundee,

140 1984 244 2020 censam
257 1967 351 2022 mortis
362 1967 418 2022 eius
434 1967 587 2034 indicaturo,
602 1968 683 2041 recipi
702 1966 780 2024 velle.
796 1971 849 2024 Sed
869 1987 960 2024 omnes
982 1972 1047 2025 istee
1068 1967 1262 2025 emendationes

141 2049 254 2103 nimium
268 2069 283 2103 a
296 2050 423 2123 scripture
433 2047 560 2104 librorum
578 2049 682 2112 obeunt.
699 2051 746 2122 qui
759 2059 908 2106 constanter
919 2054 946 2106 irs
957 2051 1070 2124 puimlo
1086 2050 1262 2125 leguntl‘ro-

140 2129 200 2202 pius
212 2129 308 2185 secedit
325 2130 357 2184 ed
370 2148 429 2186 eam
447 2131 585 2186 lectionem
599 2132 745 2187 coniectore
757 2132 898 2188 doctissimi
914 2135 976 2202 riri,
986 2131 1196 2196 nestrmoudi,
1214 2131 1264 2206 qut

140 2209 194 2284 legi
209 2213 268 2269 vult
280 2217 407 2287 periculo:
419 2233 500 2288 quem
513 2224 659 2289 sequnntur
670 2219 704 2272 Η.
713 2217 819 2272 Grotius
831 2216 961 2290 spsrsione
974 2219 1070 2271 nomm
1082 2214 1115 2269 ed
1128 2216 1173 2270 lus
1184 2213 1263 2272 lusti·

142 2296 275 2363 nimum,
292 2316 320 2370 p.
328 2301 389 2360 370,
405 2305 432 2352 et
447 2299 509 2354 Dee.
529 2297 656 2354 Herelius
675 2299 705 2354 in
725 2297 958 2364 obeeerstionibns,
976 2315 1040 2369 esp.
1052 2303 1101 2365 ⁵⁰,
1113 2313 1144 2351 sc
1156 2297 1185 2351 ln
1200 2293 1263 2350 eni·

140 2375 366 2432 medversionibus
380 2377 410 2433 in
423 2378 544 2432 Selmesii
556 2380 684 2434 observet.
700 2379 733 2435 ed
749 2381 788 2434 ius
801 2381 857 2434 Au.
871 2387 898 2434 et
911 2377 1045 2434 itomlib.
1060 2379 1094 2446 ΙΙ,
1106 2394 1164 2449 esp.
1173 2381 1199 2431 7.
1205 2375 1263 2434 illd

142 2457 213 2529 qnod
231 2459 357 2514 Herelius
374 2459 480 2516 tendens
496 2461 611 2516 sdmittit
620 2463 650 2516 ed
660 2462 796 2533 perieulum
810 2463 919 2516 retineri
932 2477 1018 2531 posse,
1030 2459 1077 2514 sed
1093 2466 1123 2513 ut
1141 2455 1213 2514 idem
1225 2459 1263 2515 sit

140 2558 170 2596 ee
190 2543 346 2614 pericuum
372 2559 423 2616 qne
444 2561 509 2599 voce
529 2543 671 2616 significari
686 2545 781 2598 volunt
801 2541 831 2599 ri
848 2539 915 2606 iuer,
932 2541 1064 2606 ledwrer,
1076 2541 1237 2612 ἀντίγραφον
1247 2579 1260 2608 ,
1308 2573 1310 2580 -

138 2621 289 2694 exemplum
304 2640 337 2676 ex
353 2622 494 2696 erehetypo
511 2624 681 2696 deecriptsam,
692 2623 795 2696 dieique
808 2631 837 2678 ut
848 2623 977 2694 marlae
992 2622 1096 2677 ebertus
1111 2620 1178 2694 spud
1191 2619 1262 2676 Meo·

138 2703 271 2776 eulphnm.
288 2703 340 2759 Sed
357 2715 426 2760 reete
440 2705 551 2760 docuere
567 2703 707 2760 Selmeslus
720 2707 748 2760 in
765 2705 867 2760 observ.
880 2704 913 2758 ed
931 2705 983 2758 lue.
1000 2706 1056 2761 Au.
1068 2712 1095 2758 et
1113 2703 1192 2758 lium.
1203 2719 1261 2774 esp.

137 2791 163 2851 7,
179 2797 207 2842 et
220 2786 265 2842 lib.
276 2786 309 2840 de
323 2787 403 2841 modo
414 2805 559 2854 usurernm,
571 2803 624 2860 cap.
636 2793 668 2842 ⁴5
685 2785 835 2858 (eddidem
848 2785 880 2841 erl
898 2785 983 2842 Solin.
1000 2806 1026 2858 p.
1036 2791 1095 2842 858.
1105 2783 1134 2839 b.
1150 2783 1183 2838 ed
1195 2783 1256 2841 bist.

136 2867 204 2940 bug.
221 2887 248 2942 p.
261 2873 322 2933 ³8⁰,
337 2887 361 2922 a.
377 2869 489 2940 Fure),
504 2887 532 2923 ec
545 2871 595 2923 lec.
609 2871 674 2923 item
690 2867 868 2924 Gotbofredus
888 2865 945 2923 loco
965 2867 1042 2942 psulo
1055 2875 1114 2923 ente
1132 2865 1257 2933 leudsto,

136 2964 226 3002 rocem
237 2951 377 3020 periculum
394 2949 501 3004 infimae
511 2948 647 3004 latinitatis
660 2967 725 3015 esse,
743 2967 791 3003 nec
803 2950 922 3004 instituto
934 2945 1131 3020 Epaminondae
1145 2955 1259 3002 entecn-

135 3031 231 3085 teetise
243 3029 309 3104 legis
326 3035 341 3084 2
356 3029 446 3087 ΟΤΙ).
463 3030 496 3084 de
512 3041 579 3087 sent.
596 3049 628 3085 ee
649 3032 730 3102 peric.
751 3032 825 3085 reclt.
841 3031 998 3086 convenire:
1013 3047 1095 3100 quum
1120 3027 1259 3099 utrobique

135 3129 189 3166 non
205 3110 350 3184 ἀντίγραφα
370 3113 425 3168 sive
442 3113 573 3184 exempla,
590 3112 635 3166 sed
660 3123 798 3186 prototypa
811 3121 838 3168 et
863 3112 990 3184 ipsiesima
1007 3111 1162 3184 αὐτόγραφα
1183 3109 1265 3174 δαίι,

134 3201 261 3261 gnentue5
286 3211 333 3246 nec
351 3189 465 3247 absolute
481 3193 533 3248 dici
550 3193 696 3264 periculeern,
712 3193 756 3248 sed
770 3193 911 3265 periochem
922 3194 1118 3259 demeum»,
1130 3191 1258 3264 prierius

135 3275 249 3340 chates,
262 3275 387 3346 epistolae,
405 3285 455 3329 etc.
472 3277 528 3346 lpee
544 3274 684 3331 Sulmssius
694 3275 740 3345 (dc
752 3275 824 3330 mod.
838 3295 937 3332 neurer.
951 3293 978 3346 p.
997 3281 1059 3342 667,
1076 3278 1127 3330 668
1138 3293 1176 3347 sq.
1190 3281 1259 3341 871,

135 3361 194 3414 877.
207 3357 310 3427 Fisels.)
319 3375 380 3411 cum
392 3355 554 3411 eruditorum
571 3356 630 3412 eliis
640 3359 777 3428 peaiuadun
793 3359 912 3430 esponit,
932 3355 1040 3412 titulum
1065 3356 1236 3430 sepulcrelem
1244 3395 1257 3422 ,

134 3441 189 3496 sire
203 3441 348 3518 ἐπιγραφὴν
362 3443 541 3496 monumenti:
560 3440 586 3495 in
600 3441 673 3494 euius
692 3440 776 3496 vicem
794 3443 1026 3515 sententiamque
1044 3437 1258 3496 condemnandus

135 3529 197 3586 eret,
213 3520 403 3594 Epaminondas
425 3523 453 3576 in
471 3523 548 3595 cippo
566 3537 614 3576 eno
631 3522 757 3578 conscribi
775 3521 897 3577 voluerit.
915 3521 976 3575 Non
998 3519 1068 3592 quod
1087 3518 1116 3572 id
1140 3535 1256 3588 unqmm

134 3601 230 3657 fectum
248 3605 342 3660 inerit:
357 3604 404 3660 sed
416 3615 446 3658 ut
463 3603 600 3658 Thebanos
612 3605 640 3657 in
653 3603 780 3660 invidieen
794 3587 836 3657 bis
848 3602 933 3658 uerbis
943 3609 1053 3656 receset.
1066 3597 1118 3654 Sed
1134 3619 1166 3653 eo
1177 3615 1255 3654 sensu

134 3679 199 3734 bene
213 3701 304 3738 vocem
322 3684 365 3738 vix
376 3683 439 3738 alibi
451 3682 570 3753 reperies.
581 3682 672 3752 Neque
685 3682 811 3738 credibile
828 3693 875 3751 eet,
893 3679 1015 3735 demnsto
1028 3686 1054 3732 et
1067 3675 1171 3752 cepiteli
1186 3695 1256 3752 supe

134 3763 215 3833 plieio
227 3765 319 3820 efferto
328 3765 465 3820 Tbebsnos
477 3765 553 3818 lisisse
562 3762 730 3836 splendidum
736 3771 937 3816 monumentum
944 3770 989 3815 eut
995 3760 1104 3814 titulum
1115 3761 1254 3832 posituros.

135 3845 203 3899 Nem
218 3845 359 3902 verisimile
372 3859 411 3902 est
418 3845 517 3900 Tbebie
529 3861 583 3899 non
595 3843 692 3910 minus,
700 3859 781 3916 quens
792 3847 898 3914 Spectas
909 3849 936 3896 et
944 3841 1254 3908 Athenie,dsmnatorum

135 3925 257 3980 adsuere
271 3929 370 3984 nonin
386 3925 504 4000 sepulcro
518 3933 636 3998 peteroo,
645 3923 691 3978 sed
701 3920 825 3996 peculieri
836 3922 894 3976 loco
907 3921 1016 3995 sepulta.
1030 3923 1150 3996 Denique
1166 3921 1255 3992 verbe,

136 4027 201 4080 qnae
211 4010 402 4085 Epaminonda
418 4012 447 4065 in
464 4005 579 4082 periculo
591 4005 668 4062 scribi
690 4005 784 4070 soluit,
801 4007 886 4080 potius
899 4005 1054 4062 sententiam
1074 4003 1192 4061 iudicum
1209 4013 1254 4062 eut

136 4091 234 4146 tabulas
247 4093 371 4164 publices,
381 4109 457 4164 quem
471 4089 586 4162 elogium
602 4085 753 4159 sepulcrale,
773 4088 891 4142 referunt
918 4087 1073 4160 Quanquem
1089 4085 1149 4142 bnic
1167 4087 1253 4142 inter-

136 4173 274 4245 pretationi
288 4175 374 4230 lavere
388 4173 510 4230 ridentur
526 4170 677 4226 Ptourehus
685 4173 712 4225 in
723 4169 847 4242 epopbtb.
855 4179 882 4224 et
896 4167 1020 4224 delienus
1031 4169 1107 4234 Xlll,
1121 4173 1171 4237 42,
1183 4165 1254 4240 apud

136 4269 201 4326 quos
213 4253 405 4326 Epaminondas
420 4255 491 4309 iubet
506 4252 571 4308 baec
586 4251 731 4326 irsppu'pes
747 4255 781 4331 τῇ
795 4251 886 4334 στήλῃ.
905 4249 1004 4310 netto
1018 4257 1105 4306 mern
1119 4247 1262 4324 rutperti

1 4429 2 4438 .
65 4372 69 4391 .
137 4347 270 4412 monne
278 4333 578 4410 uruudmepnuu
594 4335 698 4412 annui
713 4332 1083 4412 neunestcirmar·
1102 4340 1142 4398 ee
1161 4329 1264 4404 teht·
