<?xml version="1.0" encoding="UTF-8"?>
<!DOCTYPE html PUBLIC "-//W3C//DTD XHTML 1.0 Transitional//EN"
    "http://www.w3.org/TR/xhtml1/DTD/xhtml1-transitional.dtd">
<html xmlns="http://www.w3.org/1999/xhtml" xml:lang="en" lang="en">
 <head>
  <title>
</title>
<meta http-equiv="Content-Type" content="text/html;charset=utf-8" />
  <meta name='ocr-system' content='tesseract 3.04.00' />
  <meta name='ocr-capabilities' content='ocr_page ocr_carea ocr_par ocr_line ocrx_word'/>
</head>
<body>
  <div class='ocr_page' id='page_1' title='image "./corneliinepotis13nepogoog_0494.png"; bbox 0 0 3574 5808; ppageno 0'>
   <div class='ocr_carea' id='block_1_1' title="bbox 429 499 1076 603">
    <p class='ocr_par' dir='ltr' id='par_1_1' title="bbox 429 499 1076 603">
     <span class='ocr_line' id='line_1_1' title="bbox 429 499 1076 603; baseline -0.005 -8"><span class='ocrx_word' id='word_1_1' title='bbox 429 499 522 603; x_wconf 82' lang='lat'><strong>502</strong></span> <span class='ocrx_word' id='word_1_2' title='bbox 573 582 576 590; x_wconf 94' lang='lat'><strong>.</strong></span> <span class='ocrx_word' id='word_1_3' title='bbox 909 521 1076 594; x_wconf 74' lang='lat' dir='ltr'><strong>caetea</strong></span> 
     </span>
    </p>
   </div>
   <div class='ocr_carea' id='block_1_2' title="bbox 270 740 1548 3418">
    <p class='ocr_par' dir='ltr' id='par_1_2' title="bbox 270 740 1548 3418">
     <span class='ocr_line' id='line_1_2' title="bbox 405 740 1546 847; baseline 0.01 -38"><span class='ocrx_word' id='word_1_4' title='bbox 405 806 409 820; x_wconf 88' lang='grc'>,</span> <span class='ocrx_word' id='word_1_5' title='bbox 525 740 621 816; x_wconf 76' lang='lat' dir='ltr'><strong>tione</strong></span> <span class='ocrx_word' id='word_1_6' title='bbox 645 755 728 810; x_wconf 81' lang='lat' dir='ltr'><strong>cum</strong></span> <span class='ocrx_word' id='word_1_7' title='bbox 751 753 974 832; x_wconf 62' lang='lat' dir='ltr'><strong>conam-tut</strong></span> <span class='ocrx_word' id='word_1_8' title='bbox 976 781 1412 817; x_wconf 73' lang='lat'><strong>........</strong></span> <span class='ocrx_word' id='word_1_9' title='bbox 1464 743 1546 847; x_wconf 79' lang='grc'><strong>407</strong></span> 
     </span>
     <span class='ocr_line' id='line_1_3' title="bbox 423 845 1546 956; baseline 0.005 -26"><span class='ocrx_word' id='word_1_10' title='bbox 423 850 601 950; x_wconf 78' lang='lat' dir='ltr'><strong>Phocion,</strong></span> <span class='ocrx_word' id='word_1_11' title='bbox 623 845 690 944; x_wconf 85' lang='lat' dir='ltr'><strong>IV,</strong></span> <span class='ocrx_word' id='word_1_12' title='bbox 714 873 753 950; x_wconf 82' lang='lat' dir='ltr'><strong>p.</strong></span> <span class='ocrx_word' id='word_1_13' title='bbox 779 845 868 928; x_wconf 76' lang='lat'><strong>266·</strong></span> <span class='ocrx_word' id='word_1_14' title='bbox 891 845 1159 952; x_wconf 71' lang='lat' dir='ltr'><strong>Emptytatus.</strong></span> <span class='ocrx_word' id='word_1_15' title='bbox 1211 881 1286 934; x_wconf 74' lang='grc'><strong>.’.</strong></span> <span class='ocrx_word' id='word_1_16' title='bbox 1337 911 1348 936; x_wconf 93' lang='grc'><strong>.</strong></span> <span class='ocrx_word' id='word_1_17' title='bbox 1403 911 1414 936; x_wconf 89' lang='grc'><strong>.</strong></span> <span class='ocrx_word' id='word_1_18' title='bbox 1468 861 1546 956; x_wconf 73' lang='grc'><strong>428</strong></span> 
     </span>
     <span class='ocr_line' id='line_1_4' title="bbox 425 955 1541 1064; baseline 0.006 -22"><span class='ocrx_word' id='word_1_19' title='bbox 425 961 634 1060; x_wconf 87' lang='lat' dir='ltr'><strong>Timoleon,</strong></span> <span class='ocrx_word' id='word_1_20' title='bbox 658 957 726 1058; x_wconf 84' lang='lat' dir='ltr'><strong>IV,</strong></span> <span class='ocrx_word' id='word_1_21' title='bbox 752 987 789 1064; x_wconf 88' lang='lat' dir='ltr'><strong>p.</strong></span> <span class='ocrx_word' id='word_1_22' title='bbox 816 957 902 1062; x_wconf 81' lang='grc'><strong>073.</strong></span> <span class='ocrx_word' id='word_1_23' title='bbox 929 955 1163 1062; x_wconf 68' lang='grc' dir='ltr'><strong>Αὐτοματίας.</strong></span> <span class='ocrx_word' id='word_1_24' title='bbox 1209 1010 1223 1046; x_wconf 85' lang='grc'><strong>·.</strong></span> <span class='ocrx_word' id='word_1_25' title='bbox 1276 1019 1288 1048; x_wconf 91' lang='grc'><strong>.</strong></span> <span class='ocrx_word' id='word_1_26' title='bbox 1338 1025 1349 1049; x_wconf 92' lang='grc'><strong>.</strong></span> <span class='ocrx_word' id='word_1_27' title='bbox 1400 1019 1413 1052; x_wconf 80' lang='lat'><strong>.</strong></span> <span class='ocrx_word' id='word_1_28' title='bbox 1453 972 1541 1051; x_wconf 90' lang='lat' dir='ltr'><strong>ibid.</strong></span> 
     </span>
     <span class='ocr_line' id='line_1_5' title="bbox 421 1071 1541 1192; baseline 0.006 -36"><span class='ocrx_word' id='word_1_29' title='bbox 421 1079 478 1156; x_wconf 87' lang='lat' dir='ltr'><strong>De</strong></span> <span class='ocrx_word' id='word_1_30' title='bbox 504 1074 680 1178; x_wconf 68' lang='lat' dir='ltr'><strong>Regibus,</strong></span> <span class='ocrx_word' id='word_1_31' title='bbox 698 1073 751 1172; x_wconf 92' lang='grc' dir='ltr'><strong>ΙΙ,</strong></span> <span class='ocrx_word' id='word_1_32' title='bbox 775 1101 815 1178; x_wconf 94' lang='lat' dir='ltr'><strong>p.</strong></span> <span class='ocrx_word' id='word_1_33' title='bbox 841 1071 927 1178; x_wconf 87' lang='grc'><strong>278.</strong></span> <span class='ocrx_word' id='word_1_34' title='bbox 953 1078 1025 1155; x_wconf 78' lang='lat' dir='ltr'><strong>Ex</strong></span> <span class='ocrx_word' id='word_1_35' title='bbox 1049 1079 1169 1158; x_wconf 79' lang='lat' dir='ltr'><strong>tribus</strong></span> <span class='ocrx_word' id='word_1_36' title='bbox 1193 1085 1412 1167; x_wconf 68' lang='lat' dir='ltr'><strong>unoribns&#39;.</strong></span> <span class='ocrx_word' id='word_1_37' title='bbox 1465 1085 1541 1192; x_wconf 80' lang='grc'><strong>429</strong></span> 
     </span>
     <span class='ocr_line' id='line_1_6' title="bbox 423 1189 1543 1304; baseline 0.009 -30"><span class='ocrx_word' id='word_1_38' title='bbox 423 1195 481 1275; x_wconf 86' lang='lat' dir='ltr'><strong>De</strong></span> <span class='ocrx_word' id='word_1_39' title='bbox 505 1191 674 1294; x_wconf 80' lang='lat' dir='ltr'><strong>Regibus,</strong></span> <span class='ocrx_word' id='word_1_40' title='bbox 698 1189 768 1292; x_wconf 88' lang='lat'><strong>111,</strong></span> <span class='ocrx_word' id='word_1_41' title='bbox 793 1219 831 1295; x_wconf 88' lang='lat' dir='ltr'><strong>p.</strong></span> <span class='ocrx_word' id='word_1_42' title='bbox 859 1219 946 1294; x_wconf 95' lang='grc'><strong>279.</strong></span> <span class='ocrx_word' id='word_1_43' title='bbox 971 1193 1236 1278; x_wconf 64' lang='lat' dir='ltr'><strong>Alexandrea.</strong></span> <span class='ocrx_word' id='word_1_44' title='bbox 1275 1258 1287 1281; x_wconf 95' lang='lat'><strong>.</strong></span> <span class='ocrx_word' id='word_1_45' title='bbox 1339 1262 1349 1283; x_wconf 91' lang='lat'><strong>.</strong></span> <span class='ocrx_word' id='word_1_46' title='bbox 1401 1255 1415 1284; x_wconf 93' lang='grc'><strong>.</strong></span> <span class='ocrx_word' id='word_1_47' title='bbox 1466 1205 1543 1304; x_wconf 84' lang='grc'><strong>430</strong></span> 
     </span>
     <span class='ocr_line' id='line_1_7' title="bbox 270 1310 1544 1414; baseline 0.016 -31"><span class='ocrx_word' id='word_1_48' title='bbox 270 1392 276 1403; x_wconf 49' lang='grc'>,</span> <span class='ocrx_word' id='word_1_49' title='bbox 422 1311 619 1409; x_wconf 79' lang='lat' dir='ltr'><strong>Hamilcar,</strong></span> <span class='ocrx_word' id='word_1_50' title='bbox 643 1313 673 1410; x_wconf 92' lang='lat' dir='ltr'><strong>l,</strong></span> <span class='ocrx_word' id='word_1_51' title='bbox 697 1338 734 1414; x_wconf 90' lang='lat' dir='ltr'><strong>p.</strong></span> <span class='ocrx_word' id='word_1_52' title='bbox 763 1310 848 1386; x_wconf 82' lang='lat'><strong>280.</strong></span> <span class='ocrx_word' id='word_1_53' title='bbox 872 1313 1001 1390; x_wconf 85' lang='lat' dir='ltr'><strong>Primo</strong></span> <span class='ocrx_word' id='word_1_54' title='bbox 1028 1311 1190 1398; x_wconf 84' lang='lat' dir='ltr'><strong>Poenico</strong></span> <span class='ocrx_word' id='word_1_55' title='bbox 1215 1320 1307 1402; x_wconf 81' lang='lat' dir='ltr'><strong>betto</strong></span> <span class='ocrx_word' id='word_1_56' title='bbox 1338 1378 1349 1402; x_wconf 94' lang='lat'><strong>.</strong></span> <span class='ocrx_word' id='word_1_57' title='bbox 1398 1377 1411 1402; x_wconf 91' lang='lat'><strong>.</strong></span> <span class='ocrx_word' id='word_1_58' title='bbox 1454 1321 1544 1402; x_wconf 83' lang='lat' dir='ltr'><strong>ibid.</strong></span> 
     </span>
     <span class='ocr_line' id='line_1_8' title="bbox 420 1427 1543 1536; baseline 0.012 -30"><span class='ocrx_word' id='word_1_59' title='bbox 420 1429 617 1530; x_wconf 79' lang='lat' dir='ltr'><strong>Hamilcar,</strong></span> <span class='ocrx_word' id='word_1_60' title='bbox 642 1427 692 1528; x_wconf 90' lang='grc' dir='ltr'><strong>ΙΙ,</strong></span> <span class='ocrx_word' id='word_1_61' title='bbox 716 1456 754 1532; x_wconf 88' lang='lat' dir='ltr'><strong>p.</strong></span> <span class='ocrx_word' id='word_1_62' title='bbox 780 1429 869 1510; x_wconf 76' lang='grc'><strong>282.</strong></span> <span class='ocrx_word' id='word_1_63' title='bbox 893 1431 1032 1534; x_wconf 76' lang='lat' dir='ltr'><strong>anue</strong></span> <span class='ocrx_word' id='word_1_64' title='bbox 1057 1439 1295 1536; x_wconf 80' lang='lat' dir='ltr'><strong>impetmrint</strong></span> <span class='ocrx_word' id='word_1_65' title='bbox 1339 1499 1349 1519; x_wconf 92' lang='lat'><strong>.</strong></span> <span class='ocrx_word' id='word_1_66' title='bbox 1402 1495 1414 1521; x_wconf 95' lang='lat'><strong>.</strong></span> <span class='ocrx_word' id='word_1_67' title='bbox 1452 1439 1543 1520; x_wconf 88' lang='lat' dir='ltr'><strong>ibid.</strong></span> 
     </span>
     <span class='ocr_line' id='line_1_9' title="bbox 422 1543 1539 1660; baseline 0.012 -35"><span class='ocrx_word' id='word_1_68' title='bbox 422 1546 616 1647; x_wconf 76' lang='lat' dir='ltr'><strong>Hannibal,</strong></span> <span class='ocrx_word' id='word_1_69' title='bbox 633 1545 679 1645; x_wconf 90' lang='lat' dir='ltr'><strong>V,</strong></span> <span class='ocrx_word' id='word_1_70' title='bbox 694 1573 732 1650; x_wconf 87' lang='lat' dir='ltr'><strong>p.</strong></span> <span class='ocrx_word' id='word_1_71' title='bbox 747 1543 834 1648; x_wconf 87' lang='grc'><strong>293.</strong></span> <span class='ocrx_word' id='word_1_72' title='bbox 858 1545 940 1650; x_wconf 80' lang='lat' dir='ltr'><strong>Quo</strong></span> <span class='ocrx_word' id='word_1_73' title='bbox 957 1552 1142 1652; x_wconf 84' lang='lat' dir='ltr'><strong>repentino</strong></span> <span class='ocrx_word' id='word_1_74' title='bbox 1162 1556 1306 1636; x_wconf 83' lang='lat' dir='ltr'><strong>obiectu</strong></span> <span class='ocrx_word' id='word_1_75' title='bbox 1323 1567 1415 1640; x_wconf 78' lang='lat' dir='ltr'><strong>viso.</strong></span> <span class='ocrx_word' id='word_1_76' title='bbox 1463 1559 1539 1660; x_wconf 74' lang='lat'><strong>431</strong></span> 
     </span>
     <span class='ocr_line' id='line_1_10' title="bbox 423 1663 1547 1782; baseline 0.012 -38"><span class='ocrx_word' id='word_1_77' title='bbox 423 1664 618 1764; x_wconf 79' lang='lat' dir='ltr'><strong>Hannibal,</strong></span> <span class='ocrx_word' id='word_1_78' title='bbox 643 1663 709 1762; x_wconf 77' lang='lat' dir='ltr'><strong>VI,</strong></span> <span class='ocrx_word' id='word_1_79' title='bbox 737 1692 774 1768; x_wconf 85' lang='lat' dir='ltr'><strong>p.</strong></span> <span class='ocrx_word' id='word_1_80' title='bbox 803 1665 891 1766; x_wconf 69' lang='grc'><strong>294.</strong></span> <span class='ocrx_word' id='word_1_81' title='bbox 917 1664 1110 1750; x_wconf 73' lang='lat' dir='ltr'><strong>Adverae</strong></span> <span class='ocrx_word' id='word_1_82' title='bbox 1134 1673 1183 1750; x_wconf 91' lang='grc' dir='ltr'><strong>Ρ.</strong></span> <span class='ocrx_word' id='word_1_83' title='bbox 1207 1671 1416 1782; x_wconf 77' lang='lat' dir='ltr'><strong>Scipionem</strong></span> <span class='ocrx_word' id='word_1_84' title='bbox 1452 1677 1547 1758; x_wconf 88' lang='lat' dir='ltr'><strong>ibid.</strong></span> 
     </span>
     <span class='ocr_line' id='line_1_11' title="bbox 422 1779 1548 1896; baseline 0.012 -36"><span class='ocrx_word' id='word_1_85' title='bbox 422 1781 617 1881; x_wconf 83' lang='lat' dir='ltr'><strong>Hannibal,</strong></span> <span class='ocrx_word' id='word_1_86' title='bbox 641 1779 729 1878; x_wconf 88' lang='lat' dir='ltr'><strong>VII,</strong></span> <span class='ocrx_word' id='word_1_87' title='bbox 755 1809 792 1884; x_wconf 92' lang='lat' dir='ltr'><strong>p.</strong></span> <span class='ocrx_word' id='word_1_88' title='bbox 819 1781 907 1880; x_wconf 87' lang='grc'><strong>296.</strong></span> <span class='ocrx_word' id='word_1_89' title='bbox 932 1785 1065 1864; x_wconf 76' lang='lat' dir='ltr'><strong>Aranni</strong></span> <span class='ocrx_word' id='word_1_90' title='bbox 1089 1787 1168 1866; x_wconf 82' lang='lat' dir='ltr'><strong>bini</strong></span> <span class='ocrx_word' id='word_1_91' title='bbox 1190 1817 1294 1896; x_wconf 73' lang='lat' dir='ltr'><strong>reges</strong></span> <span class='ocrx_word' id='word_1_92' title='bbox 1336 1850 1346 1873; x_wconf 96' lang='lat'><strong>.</strong></span> <span class='ocrx_word' id='word_1_93' title='bbox 1398 1845 1410 1872; x_wconf 90' lang='lat'><strong>.</strong></span> <span class='ocrx_word' id='word_1_94' title='bbox 1453 1793 1548 1874; x_wconf 89' lang='lat' dir='ltr'><strong>ibid.</strong></span> 
     </span>
     <span class='ocr_line' id='line_1_12' title="bbox 423 1897 1544 2012; baseline 0.014 -38"><span class='ocrx_word' id='word_1_95' title='bbox 423 1897 543 1996; x_wconf 85' lang='lat' dir='ltr'><strong>Cato,</strong></span> <span class='ocrx_word' id='word_1_96' title='bbox 568 1901 612 1998; x_wconf 91' lang='grc' dir='ltr'><strong>Ι,</strong></span> <span class='ocrx_word' id='word_1_97' title='bbox 648 1927 687 2002; x_wconf 88' lang='lat' dir='ltr'><strong>p.</strong></span> <span class='ocrx_word' id='word_1_98' title='bbox 713 1897 801 1976; x_wconf 90' lang='grc'><strong>306.</strong></span> <span class='ocrx_word' id='word_1_99' title='bbox 826 1897 886 1979; x_wconf 75' lang='lat' dir='ltr'><strong>Ex</strong></span> <span class='ocrx_word' id='word_1_100' title='bbox 910 1925 1020 1984; x_wconf 74' lang='lat' dir='ltr'><strong>necao</strong></span> <span class='ocrx_word' id='word_1_101' title='bbox 1044 1929 1270 1984; x_wconf 72' lang='lat' dir='ltr'><strong>roscenxoan</strong></span> <span class='ocrx_word' id='word_1_102' title='bbox 1297 1913 1337 1987; x_wconf 90' lang='lat' dir='ltr'><strong>C.</strong></span> <span class='ocrx_word' id='word_1_103' title='bbox 1363 1909 1412 1991; x_wconf 93' lang='lat' dir='ltr'><strong>N.</strong></span> <span class='ocrx_word' id='word_1_104' title='bbox 1449 1913 1544 2012; x_wconf 83' lang='grc'><strong>432</strong></span> 
     </span>
     <span class='ocr_line' id='line_1_13' title="bbox 422 2013 1546 2128; baseline 0.014 -38"><span class='ocrx_word' id='word_1_105' title='bbox 422 2017 579 2112; x_wconf 74' lang='lat' dir='ltr'><strong>Atticus,</strong></span> <span class='ocrx_word' id='word_1_106' title='bbox 604 2013 678 2110; x_wconf 89' lang='lat'><strong>111,</strong></span> <span class='ocrx_word' id='word_1_107' title='bbox 701 2041 740 2116; x_wconf 87' lang='lat' dir='ltr'><strong>p.</strong></span> <span class='ocrx_word' id='word_1_108' title='bbox 766 2013 852 2092; x_wconf 81' lang='lat'><strong>318.</strong></span> <span class='ocrx_word' id='word_1_109' title='bbox 878 2017 936 2094; x_wconf 84' lang='lat' dir='ltr'><strong>Et</strong></span> <span class='ocrx_word' id='word_1_110' title='bbox 960 2018 1110 2099; x_wconf 80' lang='lat' dir='ltr'><strong>domum</strong></span> <span class='ocrx_word' id='word_1_111' title='bbox 1113 2075 1413 2106; x_wconf 87' lang='lat'><strong>......</strong></span> <span class='ocrx_word' id='word_1_112' title='bbox 1441 2029 1546 2128; x_wconf 76' lang='grc'><strong>’433</strong></span> 
     </span>
     <span class='ocr_line' id='line_1_14' title="bbox 419 2125 1547 2248; baseline 0.017 -41"><span class='ocrx_word' id='word_1_113' title='bbox 419 2130 575 2228; x_wconf 81' lang='lat' dir='ltr'><strong>Atticus,</strong></span> <span class='ocrx_word' id='word_1_114' title='bbox 599 2128 711 2226; x_wconf 81' lang='lat' dir='ltr'><strong>vul,</strong></span> <span class='ocrx_word' id='word_1_115' title='bbox 736 2155 773 2232; x_wconf 92' lang='lat' dir='ltr'><strong>p.</strong></span> <span class='ocrx_word' id='word_1_116' title='bbox 800 2125 887 2229; x_wconf 84' lang='grc'><strong>324.</strong></span> <span class='ocrx_word' id='word_1_117' title='bbox 914 2134 1119 2237; x_wconf 72' lang='lat' dir='ltr'><strong>sequutum</strong></span> <span class='ocrx_word' id='word_1_118' title='bbox 1144 2143 1348 2248; x_wconf 52' lang='lat' dir='ltr'><strong>estland.</strong></span> <span class='ocrx_word' id='word_1_119' title='bbox 1400 2203 1410 2223; x_wconf 91' lang='lat'><strong>.</strong></span> <span class='ocrx_word' id='word_1_120' title='bbox 1451 2145 1547 2226; x_wconf 86' lang='lat' dir='ltr'><strong>ibid.</strong></span> 
     </span>
     <span class='ocr_line' id='line_1_15' title="bbox 388 2245 1415 2366; baseline 0.017 -41"><span class='ocrx_word' id='word_1_121' title='bbox 388 2247 585 2345; x_wconf 67' lang='lat' dir='ltr'><strong>tiltdcns,</strong></span> <span class='ocrx_word' id='word_1_122' title='bbox 610 2245 709 2346; x_wconf 84' lang='lat' dir='ltr'><strong>XII,</strong></span> <span class='ocrx_word' id='word_1_123' title='bbox 747 2275 785 2352; x_wconf 86' lang='lat' dir='ltr'><strong>p·</strong></span> <span class='ocrx_word' id='word_1_124' title='bbox 813 2247 903 2327; x_wconf 82' lang='grc' dir='ltr'><strong>33ι.</strong></span> <span class='ocrx_word' id='word_1_125' title='bbox 932 2251 1009 2352; x_wconf 78' lang='lat' dir='ltr'><strong>Qui</strong></span> <span class='ocrx_word' id='word_1_126' title='bbox 1031 2283 1118 2332; x_wconf 85' lang='lat' dir='ltr'><strong>cum</strong></span> <span class='ocrx_word' id='word_1_127' title='bbox 1142 2285 1184 2332; x_wconf 87' lang='lat' dir='ltr'><strong>eo</strong></span> <span class='ocrx_word' id='word_1_128' title='bbox 1211 2264 1415 2366; x_wconf 79' lang='lat' dir='ltr'><strong>complut-ea</strong></span> 
     </span>
     <span class='ocr_line' id='line_1_16' title="bbox 332 2355 1411 2479; baseline 0.013 -38"><span class='ocrx_word' id='word_1_129' title='bbox 332 2355 338 2370; x_wconf 78' lang='grc'><strong><em>’</em></strong></span> <span class='ocrx_word' id='word_1_130' title='bbox 519 2392 660 2458; x_wconf 78' lang='lat' dir='ltr'><strong>annos,</strong></span> <span class='ocrx_word' id='word_1_131' title='bbox 694 2365 821 2448; x_wconf 79' lang='lat' dir='ltr'><strong>studio</strong></span> <span class='ocrx_word' id='word_1_132' title='bbox 846 2367 980 2452; x_wconf 76' lang='lat' dir='ltr'><strong>duetus</strong></span> <span class='ocrx_word' id='word_1_133' title='bbox 1003 2369 1272 2479; x_wconf 71' lang='lat' dir='ltr'><strong>pltosoptaae,</strong></span> <span class='ocrx_word' id='word_1_134' title='bbox 1298 2378 1411 2456; x_wconf 79' lang='lat' dir='ltr'><strong>itabi-</strong></span> 
     </span>
     <span class='ocr_line' id='line_1_17' title="bbox 520 2483 1544 2600; baseline 0.015 -40"><span class='ocrx_word' id='word_1_135' title='bbox 520 2483 630 2562; x_wconf 80' lang='lat' dir='ltr'><strong>tabat</strong></span> <span class='ocrx_word' id='word_1_136' title='bbox 630 2535 1411 2580; x_wconf 86' lang='grc'><strong>.............</strong></span> <span class='ocrx_word' id='word_1_137' title='bbox 1461 2497 1544 2600; x_wconf 77' lang='grc'><strong>464</strong></span> 
     </span>
     <span class='ocr_line' id='line_1_18' title="bbox 415 2595 1541 2708; baseline 0.015 -33"><span class='ocrx_word' id='word_1_138' title='bbox 415 2598 569 2698; x_wconf 81' lang='lat' dir='ltr'><strong>Atticus,</strong></span> <span class='ocrx_word' id='word_1_139' title='bbox 595 2595 700 2696; x_wconf 84' lang='lat' dir='ltr'><strong>XIX,</strong></span> <span class='ocrx_word' id='word_1_140' title='bbox 725 2625 761 2703; x_wconf 88' lang='lat' dir='ltr'><strong>p.</strong></span> <span class='ocrx_word' id='word_1_141' title='bbox 787 2596 875 2696; x_wconf 77' lang='grc'><strong>540.</strong></span> <span class='ocrx_word' id='word_1_142' title='bbox 901 2603 989 2681; x_wconf 77' lang='lat' dir='ltr'><strong>Divi</strong></span> <span class='ocrx_word' id='word_1_143' title='bbox 1015 2603 1140 2708; x_wconf 76' lang='lat' dir='ltr'><strong>(lotii)</strong></span> <span class='ocrx_word' id='word_1_144' title='bbox 1157 2609 1239 2708; x_wconf 80' lang='lat' dir='ltr'><strong>filii</strong></span> <span class='ocrx_word' id='word_1_145' title='bbox 1271 2665 1282 2690; x_wconf 91' lang='lat'><strong>.</strong></span> <span class='ocrx_word' id='word_1_146' title='bbox 1334 2671 1344 2692; x_wconf 90' lang='lat'><strong>.</strong></span> <span class='ocrx_word' id='word_1_147' title='bbox 1397 2671 1407 2691; x_wconf 92' lang='lat'><strong>.</strong></span> <span class='ocrx_word' id='word_1_148' title='bbox 1447 2613 1541 2694; x_wconf 91' lang='lat' dir='ltr'><strong>ibid.</strong></span> 
     </span>
     <span class='ocr_line' id='line_1_19' title="bbox 418 2711 1413 2828; baseline 0.017 -39"><span class='ocrx_word' id='word_1_149' title='bbox 418 2713 575 2809; x_wconf 80' lang='lat' dir='ltr'><strong>Atticus,</strong></span> <span class='ocrx_word' id='word_1_150' title='bbox 600 2711 726 2811; x_wconf 83' lang='lat' dir='ltr'><strong>XXII,</strong></span> <span class='ocrx_word' id='word_1_151' title='bbox 751 2739 788 2816; x_wconf 90' lang='lat' dir='ltr'><strong>p.</strong></span> <span class='ocrx_word' id='word_1_152' title='bbox 808 2713 895 2814; x_wconf 83' lang='grc'><strong>344.</strong></span> <span class='ocrx_word' id='word_1_153' title='bbox 921 2717 982 2800; x_wconf 78' lang='lat' dir='ltr'><strong>Ne</strong></span> <span class='ocrx_word' id='word_1_154' title='bbox 1001 2720 1055 2796; x_wconf 88' lang='lat' dir='ltr'><strong>ad</strong></span> <span class='ocrx_word' id='word_1_155' title='bbox 1079 2723 1134 2820; x_wconf 87' lang='lat' dir='ltr'><strong>id,</strong></span> <span class='ocrx_word' id='word_1_156' title='bbox 1151 2728 1257 2828; x_wconf 80' lang='lat' dir='ltr'><strong>quod</strong></span> <span class='ocrx_word' id='word_1_157' title='bbox 1270 2747 1413 2808; x_wconf 66' lang='grc' dir='ltr'><strong>παίωνα</strong></span> 
     </span>
     <span class='ocr_line' id='line_1_20' title="bbox 516 2835 1538 2948; baseline 0.018 -42"><span class='ocrx_word' id='word_1_158' title='bbox 516 2843 671 2932; x_wconf 76' lang='lat' dir='ltr'><strong>cogeret,</strong></span> <span class='ocrx_word' id='word_1_159' title='bbox 694 2837 773 2934; x_wconf 73' lang='lat' dir='ltr'><strong>ipse</strong></span> <span class='ocrx_word' id='word_1_160' title='bbox 797 2856 943 2938; x_wconf 80' lang='lat' dir='ltr'><strong>quoque</strong></span> <span class='ocrx_word' id='word_1_161' title='bbox 966 2835 1040 2914; x_wconf 77' lang='lat' dir='ltr'><strong>etti</strong></span> <span class='ocrx_word' id='word_1_162' title='bbox 1065 2841 1303 2922; x_wconf 71' lang='lat' dir='ltr'><strong>acceleraret.</strong></span> <span class='ocrx_word' id='word_1_163' title='bbox 1335 2903 1345 2923; x_wconf 92' lang='lat'><strong>.</strong></span> <span class='ocrx_word' id='word_1_164' title='bbox 1399 2901 1409 2924; x_wconf 95' lang='lat'><strong>.</strong></span> <span class='ocrx_word' id='word_1_165' title='bbox 1460 2847 1538 2948; x_wconf 85' lang='grc'><strong>435</strong></span> 
     </span>
     <span class='ocr_line' id='line_1_21' title="bbox 417 2939 1410 3060; baseline 0.019 -42"><span class='ocrx_word' id='word_1_166' title='bbox 417 2939 460 3022; x_wconf 88' lang='lat' dir='ltr'><strong>C.</strong></span> <span class='ocrx_word' id='word_1_167' title='bbox 475 2940 629 3048; x_wconf 78' lang='lat' dir='ltr'><strong>Nepotis</strong></span> <span class='ocrx_word' id='word_1_168' title='bbox 646 2971 730 3020; x_wconf 88' lang='lat' dir='ltr'><strong>cum</strong></span> <span class='ocrx_word' id='word_1_169' title='bbox 749 2945 945 3026; x_wconf 81' lang='lat' dir='ltr'><strong>Plutarcho</strong></span> <span class='ocrx_word' id='word_1_170' title='bbox 962 2953 1192 3058; x_wconf 85' lang='lat' dir='ltr'><strong>comparatio,</strong></span> <span class='ocrx_word' id='word_1_171' title='bbox 1211 2984 1303 3060; x_wconf 90' lang='lat' dir='ltr'><strong>opus</strong></span> <span class='ocrx_word' id='word_1_172' title='bbox 1321 2957 1410 3036; x_wconf 85' lang='lat' dir='ltr'><strong>&#39;ine-</strong></span> 
     </span>
     <span class='ocr_line' id='line_1_22' title="bbox 519 3059 1536 3177; baseline 0.021 -42"><span class='ocrx_word' id='word_1_173' title='bbox 519 3059 649 3138; x_wconf 85' lang='lat' dir='ltr'><strong>ditum.</strong></span> <span class='ocrx_word' id='word_1_174' title='bbox 699 3115 1408 3156; x_wconf 91' lang='grc'><strong>............</strong></span> <span class='ocrx_word' id='word_1_175' title='bbox 1435 3076 1536 3177; x_wconf 48' lang='grc' dir='ltr'><strong>χ436</strong></span> 
     </span>
     <span class='ocr_line' id='line_1_23' title="bbox 418 3173 1533 3302; baseline 0.023 -46"><span class='ocrx_word' id='word_1_176' title='bbox 418 3173 534 3256; x_wconf 85' lang='lat' dir='ltr'><strong>Index</strong></span> <span class='ocrx_word' id='word_1_177' title='bbox 549 3177 740 3258; x_wconf 74' lang='lat' dir='ltr'><strong>historicus</strong></span> <span class='ocrx_word' id='word_1_178' title='bbox 758 3197 796 3260; x_wconf 84' lang='lat' dir='ltr'><strong>et</strong></span> <span class='ocrx_word' id='word_1_179' title='bbox 813 3187 1067 3291; x_wconf 80' lang='lat' dir='ltr'><strong>geographicua</strong></span> <span class='ocrx_word' id='word_1_180' title='bbox 1086 3193 1125 3268; x_wconf 90' lang='lat' dir='ltr'><strong>in</strong></span> <span class='ocrx_word' id='word_1_181' title='bbox 1152 3191 1195 3272; x_wconf 90' lang='lat' dir='ltr'><strong>C.</strong></span> <span class='ocrx_word' id='word_1_182' title='bbox 1215 3193 1408 3301; x_wconf 81' lang='lat' dir='ltr'><strong>Nepotem.</strong></span> <span class='ocrx_word' id='word_1_183' title='bbox 1458 3201 1533 3302; x_wconf 84' lang='grc'><strong>447</strong></span> 
     </span>
     <span class='ocr_line' id='line_1_24' title="bbox 416 3289 1532 3418; baseline 0.022 -50"><span class='ocrx_word' id='word_1_184' title='bbox 416 3289 535 3368; x_wconf 84' lang='lat' dir='ltr'><strong>Index</strong></span> <span class='ocrx_word' id='word_1_185' title='bbox 553 3297 809 3406; x_wconf 63' lang='lat' dir='ltr'><strong>grammaticus</strong></span> <span class='ocrx_word' id='word_1_186' title='bbox 833 3301 872 3378; x_wconf 89' lang='lat' dir='ltr'><strong>in</strong></span> <span class='ocrx_word' id='word_1_187' title='bbox 899 3301 942 3382; x_wconf 90' lang='lat' dir='ltr'><strong>C.</strong></span> <span class='ocrx_word' id='word_1_188' title='bbox 969 3303 1162 3408; x_wconf 84' lang='lat' dir='ltr'><strong>Nepotem.</strong></span> <span class='ocrx_word' id='word_1_189' title='bbox 1207 3367 1218 3388; x_wconf 92' lang='lat'><strong>.</strong></span> <span class='ocrx_word' id='word_1_190' title='bbox 1272 3372 1280 3390; x_wconf 93' lang='lat'><strong>.</strong></span> <span class='ocrx_word' id='word_1_191' title='bbox 1334 3373 1343 3392; x_wconf 92' lang='lat'><strong>.</strong></span> <span class='ocrx_word' id='word_1_192' title='bbox 1397 3373 1408 3394; x_wconf 92' lang='lat'><strong>.</strong></span> <span class='ocrx_word' id='word_1_193' title='bbox 1459 3317 1532 3418; x_wconf 88' lang='grc'><strong>467</strong></span> 
     </span>
    </p>
   </div>
   <div class='ocr_carea' id='block_1_3' title="bbox 856 3717 1049 3855">
    <p class='ocr_par' dir='ltr' id='par_1_3' title="bbox 856 3717 1049 3855">
     <span class='ocr_line' id='line_1_25' title="bbox 856 3717 1049 3855; baseline 0.036 -58"><span class='ocrx_word' id='word_1_194' title='bbox 856 3831 864 3855; x_wconf 29' lang='grc' dir='ltr'>ἱ</span> <span class='ocrx_word' id='word_1_195' title='bbox 900 3717 1049 3804; x_wconf 80' lang='lat' dir='ltr'><strong>FINIS.</strong></span> 
     </span>
    </p>
   </div>
   <div class='ocr_carea' id='block_1_4' title="bbox 0 0 1792 5808">
    <p class='ocr_par' dir='ltr' id='par_1_4' title="bbox 0 0 1792 5808">
     <span class='ocr_line' id='line_1_26' title="bbox 0 0 1792 5808; baseline 0 0"><span class='ocrx_word' id='word_1_196' title='bbox 0 0 1792 5808; x_wconf 95' lang='lat' dir='ltr'><strong> </strong></span> 
     </span>
    </p>
   </div>
  </div>
 </body>
</html>
