3414 5796
627 533 807 594 errrore
1177 499 1275 630 3¹7

154 761 491 867 usurumunpuam
508 722 556 810 ult
565 735 822 840 iissoeeperit,
839 759 964 838 neque
982 733 1147 838 longius,
1161 763 1277 841 quam

156 856 304 935 dictum
330 860 440 942 esset,
456 876 520 928 eos
546 847 687 926 debere
706 878 835 955 pessus
852 853 911 930 sit.
937 850 1052 948 Quod
1070 869 1276 959 utrumque

156 988 240 1050 eret
256 972 300 1048 iis
317 967 497 1045 salutare.
520 969 615 1044 Nem
640 993 768 1072 neque
794 968 1065 1074 indulgendos
1083 973 1274 1046 invetera-

157 1112 261 1166 scere
278 1109 409 1160 eorum
427 1107 491 1159 nes
509 1083 671 1160 alienum
685 1083 916 1189 petiebatur,
944 1109 1070 1188 neque
1087 1083 1274 1189 multipli-

156 1201 287 1280 candis
306 1203 432 1279 usuris
450 1223 631 1278 creseere.
648 1202 766 1278 Auxit
778 1201 851 1278 hoo
864 1199 1109 1282 officiumalie
1124 1227 1280 1306 quoque

156 1318 392 1395 liberalitate.
409 1317 504 1392 Nem
524 1318 719 1396 universos
745 1317 940 1396 frumento
966 1317 1136 1406 donavit,
1154 1321 1207 1394 ita
1233 1327 1279 1394 ut:

157 1431 315 1537 singulis
333 1440 478 1538 septem
497 1435 529 1486 ⁴⁰
554 1431 672 1508 modii
690 1435 812 1510 tritici
831 1433 1039 1516 durenturs
1056 1436 1127 1538 qui
1145 1432 1283 1512 modus

156 1575 357 1626 mensurae
375 1548 587 1626 medimnus
603 1549 1013 1656 Athenisuppelletur.

208 1667 272 1743 ΙΙΙ.
298 1667 370 1742 Hie
393 1679 523 1742 sutem
541 1667 594 1740 sic
611 1693 651 1743 se
669 1666 846 1770 gerebat,
865 1684 907 1743 ut
933 1668 1142 1742 communis
1160 1670 1172 1718 ⁴
1194 1667 1279 1744 inli-

157 1786 246 1876 suis,
276 1811 348 1889 per
375 1781 614 1888 principibus
639 1783 845 1862 rideretur.
870 1785 955 1879 Quo
973 1781 1114 1859 foetum
1141 1797 1210 1874 est,
1236 1799 1280 1862 ut

157 1901 250 1978 huin
269 1927 400 1976 omnes
425 1899 605 1991 honores,
617 1925 714 2001 quos
732 1915 897 2003 possent,
912 1898 1066 2003 publice
1084 1895 1280 1991 heberent,

159 2021 355 2121 civemque
381 2015 508 2092 faeere
537 2014 747 2092 studerent.
766 2020 782 2068 ²
800 2019 886 2112 Quo
916 2015 1102 2096 beneficio
1128 2015 1195 2092 ille
1220 2019 1280 2093 uti

159 2134 331 2224 noluit,.³
349 2131 455 2234 qnod
481 2130 655 2208 nonnulli
673 2138 726 2210 ita
742 2137 1046 2240 interpretantur
1054 2191 1068 2228 ,
1089 2135 1209 2208 emitti
1227 2135 1280 2208 oi*

159 2253 310 2330 ritatem
327 2253 547 2342 Romanam,
583 2249 655 2324 eliu
683 2251 835 2330 adscite.
858 2253 1060 2358 'Quamdiu
1086 2253 1204 2340 offuit,
1230 2275 1279 2326 ne

115 2417 122 2432 ·
162 2393 238 2468 qua
257 2366 328 2442 sibi
347 2381 470 2442 statue
487 2385 711 2470 poneretur,
726 2370 881 2444 restitit:
900 2371 917 2420 ⁴
935 2366 1280 2471 ebsensprohibere

158 2509 241 2562 non
257 2484 397 2590 potuit.
421 2483 552 2584 ltaque
569 2481 718 2586 aliquot
737 2487 809 2590 ipsi
835 2501 875 2559 et
898 2481 1015 2562 Piliae
1033 2485 1050 2534 ⁵
1067 2480 1161 2562 locis
1186 2507 1275 2556 san-

195 2712 239 2780 (9)
253 2709 423 2784 ludrdgnrdo.
432 2709 523 2764 Debiti
539 2707 696 2764 solutionem
743 2707 790 2780 qni
803 2708 838 2764 de
851 2705 981 2778 republies
998 2704 1128 2777 prseelsre
1140 2705 1229 2760 meriti
1241 2722 1285 2760 es·

160 2813 214 2852 non
228 2796 389 2867 urgendo.-
397 2795 486 2867 Neque
499 2795 697 2866 multiplicandis
744 2802 812 2858 sent,
826 2789 963 2847 exhibitus.
975 2791 1043 2846 Vide
1060 2791 1206 2845 Meursium
1218 2791 1284 2844 Por·

158 2882 238 2932 mn
259 2897 378 2936 onmem.
393 2879 425 2934 Si
446 2882 518 2950 ipse,
536 2897 568 2931 ex
584 2877 697 2932 eliorum
744 2881 801 2931 litu.¹
815 2877 898 2930 Attio.
911 2883 987 2946 espot
1000 2877 1034 2930 V.
1047 2875 1148 2928 Bostvs.

161 2962 319 3018 creditorum
336 2981 423 3026 more,
438 2962 502 3016 isles
519 2979 622 3034 quoque
638 2977 697 3016 usu·
777 2961 822 3028 (3)
840 2959 901 3030 Quo
922 2960 1047 3031 beneficio
1065 2960 1111 3012 ille
1130 2961 1169 3012 uti
1192 2957 1283 3010 nulrit.

160 3063 203 3114 ess
215 3047 339 3116 petiissetr
353 3044 423 3116 quod
437 3045 493 3116 ipse
506 3045 591 3098 lseere
603 3043 697 3100 noluit.
740 3043 838 3100 Civem
858 3053 947 3098 tstnen
960 3044 1078 3097 Atticum
1091 3043 1184 3096 Cicero
1197 3050 1283 3107 voest,

161 3132 300 3202 logeniom
318 3132 397 3202 igitur
409 3127 582 3186 Gotuehslrh.
605 3129 694 3184 eonie·
745 3129 895 3200 respiciens,
912 3127 1000 3196 eredo,
1014 3129 1047 3182 sd
1061 3145 1218 3200 cognomen,
1230 3145 1284 3182 non

160 3223 244 3278 etum,
260 3216 381 3286 inimum
394 3230 479 3282 neque
497 3203 646 3268 neeesssris‘
655 3221 697 3266 ts‘·
746 3211 780 3266 sd
798 3214 840 3266 ius
864 3213 975 3266 elvitetis
997 3209 1045 3267 lib.
1066 3215 1096 3276 1,
1129 3213 1213 3284 Epist.
1239 3218 1283 3275 to,

161 3295 348 3351 menridetur.
683 3347 686 3356 ,
739 3291 874 3358 ¹etlib.ll,
889 3295 971 3364 Epist.
986 3300 1010 3346 tr
1031 3297 1084 3347 rln
1101 3293 1138 3346 eis
1153 3291 1283 3347 orationi·

197 3385 257 3452 (to)
272 3381 379 3454 Septem.
396 3382 435 3434 Its
457 3397 548 3434 omnes
571 3379 632 3434 libri
649 3397 700 3435 ser.
742 3377 810 3444 ltus,
830 3396 896 3450 quse
913 3375 1072 3448 Philippices
1098 3379 1287 3442 nominentur,

162 3465 207 3532 llt,
221 3467 282 3536 quin
292 3466 399 3520 Veteres
410 3462 523 3529 trudunt,
533 3461 697 3520 medimnum
747 3465 873 3516 enituerat
894 3463 960 3516 eleis
976 3459 1022 3514 ille
1045 3470 1104 3513 tuus
1126 3459 1286 3514 Demosthe-

161 3567 206 3604 sex
224 3549 327 3604 modios
345 3567 477 3622 aequasse,
490 3547 622 3612 tumbis..
638 3565 695 3601 sus·
748 3565 819 3600 nens
837 3547 948 3600 Senorr.
964 3547 1124 3596 lleeuserunt
1137 3543 1187 3596 isos
1198 3543 1285 3594 bene·

164 3634 242 3689 dente
260 3638 364 3704 taem,
377 3635 474 3708 aliique
491 3642 630 3704 posuerunt
646 3651 698 3686 see.
747 3629 840 3684 ficium
853 3637 880 3682 et
895 3633 968 3682 Zeno
984 3637 1012 3680 et
1025 3623 1169 3690 Cleanthes,
1182 3643 1215 3677 rre
1233 3641 1283 3694 ps·

164 3720 265 3771 Tn.-
282 3719 438 3772 Medimnur.
455 3716 508 3770 Cle.
529 3714 698 3778 medimnum,
748 3718 812 3768 trine
829 3731 889 3764 sure
909 3713 1032 3766 iniurium
1053 3709 1137 3762 sscsre
1156 3701 1284 3759 videren-

151 3802 194 3874 ¹in
207 3804 318 3856 Verrem
335 3805 370 3868 V,
383 3812 426 3871 473
442 3801 546 3873 gallire,
560 3817 607 3853 mre
624 3801 700 3850 mirre.
747 3805 799 3848 tur.
807 3798 904 3849 Auctor
912 3793 1073 3861 Plutarchus,
1089 3791 1122 3845 de
1138 3789 1286 3843 Stoicorum

199 3884 395 3956 (t)Corrurrunir
408 3891 434 3938 iu
457 3881 613 3947 ministris,
624 3882 700 3936 intrr-
748 3875 1075 3948 repugnantiis.llosrvs.-
1083 3872 1158 3940 Quod
1165 3871 1289 3934 mmudlr',

165 3971 221 4031 sire.
236 3972 274 4023 ltu
286 3969 369 4024 Cicer.
387 3971 436 4040 Ep.
456 3969 519 4022 snm.
534 3967 578 4028 Ν,
592 3972 618 4020 9.
631 3965 701 4017 Fru-
748 3967 796 4012 etc.
816 3959 885 4010 Haec
901 3955 1001 4022 verbu,
1022 3973 1104 4026 usque
1124 3952 1157 4005 sd
1174 3953 1285 4022 adscita,

165 4065 228 4116 stru,
245 4052 312 4124 apud
325 4053 433 4107 Suetou.
446 4049 535 4105 Claud.
553 4049 625 4114 XXI,
642 4049 701 4100 Ve-
748 4039 869 4096 nonnulli
884 4036 1011 4092 reeeniori
1025 4055 1105 4090 manu
1121 4035 1212 4088 sdsutu
1227 4036 1288 4088 exi-

165 4135 275 4207 spssisn.
292 4137 376 4199 XXll,
398 4139 476 4189 onmis
497 4133 702 4206 procommissi
749 4125 862 4180 stimant.

165 4219 306 4272 emendare
321 4219 421 4274 volunt.
700 4257 703 4264 .
783 4213 825 4279 (4)
838 4207 945 4262 Restitit.
961 4199 1288 4262 Menodfflediodurius

201 4305 244 4368 (Ἰ)
259 4302 391 4374 civemque
400 4305 494 4376 sisere
506 4303 640 4357 studerem.
651 4297 703 4368 Qui
750 4299 841 4366 respuit
852 4291 936 4346 hebet.

166 4383 306 4454 siuguluis
324 4387 407 4442 lrouos
424 4387 491 4452 suit,
514 4397 542 4442 et
557 4383 704 4449 minutiis,
785 4379 828 4448 (⁵)
843 4377 939 4432 Piliae.
953 4369 1085 4446 Qusedem
1102 4371 1163 4428 edd.
1177 4369 1288 4424 Pisidiae
1393 4435 1403 4458 ι
