3660 5740
539 499 607 626 84
965 532 1292 606 rnnursroouas

538 731 802 846 sarent,'quod
817 743 1036 822 societatem
1053 769 1141 822 cum
1151 769 1241 850 rege
1257 741 1461 820 Persarum
1481 741 1528 820 ad
1547 743 1663 822 Grae·

537 860 632 936 ciam
653 858 944 965 opprimendam
962 861 1123 940 fecisset.
1142 863 1224 937 Hoc
1242 862 1402 937 crimine
1422 859 1557 938 absens
1572 888 1664 966 pro·

535 975 689 1056 ditionis
709 981 725 1030 ⁵
742 995 800 1056 est
816 976 1028 1058 damnatus.
1046 978 1093 1055 Id
1109 996 1154 1055 ut
1170 977 1328 1074 audivit,
1345 977 1452 1084 quod
1471 1005 1552 1057 non
1569 981 1661 1055 satis

536 1109 662 1174 tutum
681 1121 720 1172 se
736 1097 847 1201 Argis
866 1096 1037 1191 videbat,
1068 1101 1276 1202 Corcyram
1293 1101 1310 1148 ⁶
1328 1093 1567 1201 demigravit.
1602 1095 1661 1171 lbi

538 1239 658 1317 quum
677 1215 758 1290 eius
776 1220 967 1325 principes
985 1217 1145 1295 civitatis
1172 1213 1499 1292 animadvertisset
1517 1216 1665 1306 timere.

535 1355 587 1408 ne
605 1349 766 1438 propter
786 1334 989 1414 rebellum
1007 1336 1065 1412 his
1082 1331 1373 1410 Lacedaemonii
1400 1351 1438 1408 et
1455 1331 1662 1409 Athenien·

537 1476 596 1528 ses
619 1449 854 1544 indicerent3
876 1452 926 1529 ad
944 1451 1172 1552 Admetum,
1198 1439 1454 1529 Molossorum
1481 1451 1657 1556 regem‚⁷

536 1593 624 1646 cum
650 1595 730 1671 qno
747 1571 782 1645 ei
801 1570 1008 1677 hospitium
1026 1570 1175 1664 fuerat,
1202 1568 1385 1674 confugit.
1421 1569 1508 1646 Huc
1539 1593 1661 1672 quum

535 1686 719 1776 venisset,
745 1702 784 1762 et
799 1688 842 1761 in
861 1690 1076 1792 praesentia
1093 1689 1110 1738 ⁸
1127 1713 1193 1762 rex
1223 1685 1390 1777 abesact;
1419 1713 1496 1789 quo
1519 1687 1662 1760 maiore

534 1799 721 1904 religione
740 1829 780 1882 se
796 1817 993 1910 receptum
1013 1820 1199 1896 tueretur,
1225 1801 1341 1879 filiam
1362 1805 1442 1881 eius
1460 1800 1662 1909 parvulam

535 1919 707 2024 arripuit,
725 1937 764 1998 et
783 1947 871 1998 cum
890 1949 935 2020 ca
952 1949 991 2000 se
1017 1924 1057 1998 in
1076 1921 1293 2014 sacrarium,
1310 1921 1418 2028 quod
1436 1947 1581 1998 summa
1598 1947 1661 1997 co·

535 2140 620 2196 nlenai
633 2140 1003 2214 ignominisenotamlnurere
1014 2162 1077 2217 pro·
1129 2153 1203 2199 state.
1219 2141 1274 2198 lte:
1290 2143 1391 2196 duur.
1404 2141 1448 2196 Sic
1466 2157 1567 2216 quoque
1584 2139 1658 2194 Thu·

536 2240 645 2295 peraase.
657 2225 717 2278 Bos.
1127 2227 1189 2302 cyd.
1202 2227 1220 2280 l.
1228 2246 1254 2284 c.
1267 2235 1293 2280 et
1302 2225 1378 2280 lalaae
1392 2225 1523 2281 Themist.
1535 2225 1609 2296 epist.
1618 2230 1660 2280 20.

570 2308 613 2378 (5)
625 2307 684 2360 Hoc
694 2310 799 2362 crimine
809 2309 898 2364 adesus
909 2311 1075 2382 proditionis,
1126 2311 1258 2369 Diodorus
1266 2320 1352 2364 tamen
1361 2327 1452 2382 reqem
1462 2308 1572 2364 adfuisse
1583 2311 1663 2362 corni·

536 2399 584 2446 eie.
614 2388 742 2458 stiotiue,
769 2392 797 2447 id
821 2403 861 2448 est
884 2394 1078 2450 criminatione.
1126 2407 1220 2467 terque
1236 2391 1438 2448 Themistoclem
1452 2391 1582 2466 excepisse
1596 2409 1660 2445 con·

535 2473 693 2530 Proditionis
706 2493 801 2549 nempe
818 2495 879 2530 cum
889 2479 1009 2533 Pausania
1021 2477 1073 2532 ini·
1127 2479 1220 2534 tendit.
1236 2477 1333 2532 Filium
1344 2479 1396 2530 eiua
1404 2477 1537 2548 parvulam
1549 2478 1663 2546 arripuit.

537 2567 578 2614 ise
591 2560 771 2627 accusabatur,
787 2561 858 2635 quod
872 2562 1027 2618 familiarius
1043 2582 1075 2620 eo
1128 2561 1221 2616 Nonne
1231 2560 1325 2614 rectius
1337 2559 1477 2630 legendum
1481 2557 1582 2631 filium?
1591 2556 1663 2610 Thu·

536 2651 668 2718 irroretur,
683 2663 713 2700 ae
725 2645 841 2717 quotidie
854 2645 953 2701 litteras
964 2655 990 2702 et
1003 2665 1073 2703 nuo·
1128 2646 1237 2719 tydides
1256 2645 1327 2700 euim
1348 2646 1372 2711 t,
1392 2649 1449 2710 ⁴³6,
1466 2662 1496 2698 ac
1513 2642 1663 2698 Plutarchus

537 2727 588 2783 ties
604 2729 636 2784 ad
656 2749 716 2784 eum
737 2731 887 2788 missitaret.
903 2731 1027 2804 Thucyd.
1046 2735 1058 2784 1
1065 2771 1075 2800 ,
1128 2733 1204 2801 ibid,
1220 2732 1317 2799 lilium,
1328 2751 1382 2787 non
1397 2731 1477 2786 filiam
1491 2740 1606 2786 narrant.
1621 2730 1663 2783 Sic

538 2815 748 2881 teutsindsie.
765 2819 813 2882 xt,
827 2820 878 2883 ⁵⁴3
892 2816 963 2873 Plut.
978 2818 1074 2873 invita
1129 2817 1276 2890 Thucydid.
1309 2814 1339 2870 ad
1368 2815 1479 2869 verbum
1515 2832 1662 2885 expressus:

537 2892 667 2952 Themist.
680 2903 722 2952 23.
735 2899 785 2966 Qui
794 2908 881 2954 tamen
893 2917 954 2954 eum
965 2901 1075 2956 huiusce
1131 2903 1261 2956 sCoactus
1274 2911 1314 2956 est
1326 2902 1456 2956 divertere
1469 2900 1501 2953 ad
1522 2899 1664 2954 Admetum

537 2979 692 3052 proditionis
702 2981 851 3035 immunem
868 2993 985 3038 censent.
1000 2982 1077 3037 Adde
1128 2983 1299 3038 Molossorum
1313 3002 1421 3054 regem,
1437 2984 1483 3052 qui
1502 2999 1555 3036 non
1569 2983 1594 3035 ei
1609 2993 1665 3036 erat

537 3061 660 3118 Pluttib.
671 3063 704 3116 de
714 3063 792 3118 utilit.
806 3083 837 3117 ea
849 3063 926 3118 inim.
939 3064 1076 3136 capiendas
1128 3063 1226 3117 amicus
1234 3085 1244 3128 ς
1260 3072 1338 3135 atque
1354 3081 1399 3115 rea
1423 3062 1490 3115 iurte
1512 3058 1585 3114 domi
1610 3079 1664 3114 non

536 3148 653 3220 itemque
662 3145 994 3214 Pseudo-Themistoclem,
1003 3149 1076 3221 epist.
1128 3155 1192 3201 erat.
1216 3147 1265 3202 ilic
1285 3165 1349 3200 vero
1370 3145 1403 3198 ah
1427 3143 1499 3198 illius
1516 3161 1614 3209 uxore,
1631 3144 1663 3197 ad

538 3231 610 3288 xlv.
1128 3246 1205 3298 quam
1230 3227 1338 3301 supplex
1359 3235 1513 3294 accesserat,
1537 3225 1661 3290 edoctus,

572 3318 615 3384 (6)
625 3316 776 3389 Corcyram.
783 3314 851 3370 Vide
861 3333 932 3389 supr.
940 3317 1076 3370 tt‘roum
1128 3322 1260 3378 monetur,
1272 3321 1310 3379 ut,
1324 3321 1429 3384 sumpto
1439 3329 1486 3366 suo
1498 3313 1615 3382 ipsorum
1629 3311 1662 3364 fi·

538 3399 714 3454 montionem
752 3395 784 3452 de
817 3397 969 3469 Corcyraeis
998 3396 1077 3452 hahes
1128 3395 1181 3462 liu,
1199 3395 1229 3449 ad
1248 3398 1325 3450 Lares
1342 3394 1518 3450 sederent·
1531 3395 1565 3447 lo
1578 3414 1663 3449 sacra·

538 3483 615 3554 epist.
627 3486 658 3536 42
673 3491 701 3536 et
719 3487 750 3536 ts
764 3499 871 3546 earam,
888 3499 955 3555 quae
969 3481 1078 3536 'Phereti-
1126 3485 1200 3536 mun.
1215 3480 1266 3536 Vbi
1279 3489 1333 3534 erat
1345 3480 1426 3536 ἶστια.
1444 3477 1511 3535 Plut.
1525 3477 1587 3534 ibid
1602 3481 1662 3534 Mo·

538 3567 611 3620 stoeli
619 3565 776 3621 tribuuntur.
783 3567 913 3620 Memorat
923 3565 1077 3620 Plutarchus
1127 3581 1185 3620 rem
1199 3563 1268 3619 hune
1282 3565 1403 3620 omnium
1417 3563 1575 3620 Gmecoaum
1585 3562 1664 3617 luisse

537 3649 741 3706 Themistoclem
755 3653 895 3723 Corcyram
908 3650 1075 3722 demigrasse,
1128 3657 1242 3719 apparet,
1255 3653 1285 3700 ut
1301 3665 1316 3702 e
1330 3645 1397 3709 loco,
1418 3644 1499 3701 veluti
1512 3645 1602 3718 asylo,
1614 3663 1663 3698 ea-

538 3730 634 3788 lidueia
653 3737 746 3788 veteris
761 3733 889 3790 beneficii.
913 3732 982 3790 Vide
1000 3751 1075 3806 supra
1128 3731 1231 3786 trahere
1251 3729 1321 3784 oeiaa
1347 3728 1486 3800 ducerentq
1508 3737 1538 3784 ut
1559 3745 1608 3784 uec
1630 3727 1663 3783 ah

537 3833 593 3889 cap.
606 3817 639 3880 11.
656 3825 747 3874 noes.
1127 3833 1187 3880 ara,
1209 3831 1258 3868 nec
1282 3829 1298 3864 s
1319 3811 1443 3882 principis
1466 3818 1550 3866 statua
1574 3825 1663 3881 rapere

571 3903 614 3972 (2)
628 3901 777 3966 Admetum,
790 3901 964 3956 Molossorum
976 3917 1074 3972 regem,
1127 3898 1266 3956 licebat·
1279 3899 1352 3954 Data
1363 3898 1462 3951 deutra.
1478 3895 1553 3951 Fidei
1569 3895 1663 3967 pignus

538 3993 589 4052 etc
603 3983 774 4058 Thucydides
798 3994 886 4041 sutem
914 3985 944 4052 i,
967 3989 1032 4048 436,
1049 3993 1077 4040 et
1127 3983 1194 4056 apud
1211 4001 1302 4040 omnes
1318 3992 1417 4056 gentes.
1440 3981 1538 4038 Virtuti
1555 3992 1582 4058 et
1600 3979 1661 4036 fidei

537 4069 723 4126 historicorum
735 4070 868 4146 plerique,
889 4070 1011 4142 itemque
1024 4069 1072 4125 Ci·
1128 4079 1226 4125 veteres
1235 4068 1362 4136 dextram,
1369 4065 1559 4123 misericordiae
1567 4084 1662 4138 genua,
1779 4117 1785 4128 ,

538 4170 599 4208 cero
621 4152 649 4209 iu
673 4155 767 4221 Bruto,
788 4153 924 4209 inimicum
948 4153 973 4206 ei
998 4153 1075 4207 ruisse
1126 4153 1221 4227 pudori
1241 4163 1376 4218 mentum,
1396 4151 1525 4226 sagacitati
1552 4171 1660 4216 nasum,

537 4235 678 4294 Admetum
696 4236 784 4306 ainata
796 4246 824 4292 et
833 4235 950 4308 hospitii,
961 4237 1036 4291 euius
1046 4237 1075 4290 io
1125 4237 1223 4294 iudicio
1234 4255 1335 4302 samm,
1349 4237 1426 4292 fastui
1438 4235 1604 4309 supercilium
1616 4255 1660 4290 as·

536 4329 637 4389 nostro,
654 4321 727 4377 nulla
738 4337 847 4396 usquam
863 4323 963 4378 mentio
978 4327 1026 4378 est.
1125 4321 1272 4396 signabant.
1285 4352 1319 4364 -
1331 4319 1447 4382 Publice.
1460 4319 1547 4380 Missis
1559 4319 1659 4394 leqatis.

571 4405 616 4478 (t)
627 4405 661 4462 lo
671 4409 825 4478 praesessio.
840 4407 922 4480 vm,
933 4423 964 4464 ea
976 4413 1074 4481 tempe·
1123 4409 1202 4470 Diod.
1215 4407 1269 4466 Sic.
1282 4407 1333 4481 XI,
1351 4413 1393 4467 56.
