3528 5780
495 407 586 536 406
960 439 1174 506 excvnsvs

489 635 1621 714 mammaemammanaennmnumrv.
1736 651 1738 696 f

494 723 646 798 Heusinger.
662 721 781 796 Bentley,
798 723 828 778 ad
845 723 956 778 Phaedri
980 723 1034 778 lab.
1052 725 1097 790 Ν,
1113 728 1157 787 2⁴,
1180 731 1205 790 6,
1224 722 1288 796 legit
1304 721 1339 776 ad
1354 741 1458 776 coenam
1474 735 1526 788 eat,
1543 741 1618 794 quae

495 806 604 880 quidem
617 809 668 861 iam
682 805 828 860 coniectura
847 805 897 860 luit
909 805 1089 870 Freinshemii,
1104 803 1193 876 Magii,
1203 805 1324 868 Gesocri,
1337 804 1485 874 etc.llappii
1496 815 1620 888 annotatr

493 888 556 946 eide
573 889 602 942 in
617 887 755 960 opusculis
772 887 847 950 mab,
866 895 925 958 pag.
941 889 992 939 458
1012 903 1048 955 ιι.
1071 883 1212 940 tecnam
1233 885 1349 956 pmebuit
1361 885 1396 940 cl.
1413 888 1620 956 Rergstraeseer3

495 980 584 1024 contra
599 969 784 1023 humanissimo
796 967 896 1021 eadaori
912 969 939 1020 in
951 963 1015 1020 bibl.
1027 959 1119 1037 philol.
1132 967 1298 1038 (Goettingae
1313 972 1387 1034 ⁴77³,
1405 962 1621 1037 νο1.11)ρ.7ι5)

495 1069 555 1105 mea
565 1052 712 1104 coniectura
725 1051 830 1120 eiusque
847 1047 984 1120 explicatio
1001 1048 1103 1102 videtur
1121 1067 1177 1103 esse
1194 1049 1261 1102 haud
1274 1049 1333 1102 satia
1347 1056 1410 1102 tuta.
1419 1049 1459 1104 Cl.
1475 1050 1501 1102 T
1499 1050 1620 1104 eschuclre
1740 1045 1741 1050 ¹

495 1131 571 1187 malit
583 1131 680 1202 eligere
693 1131 788 1184 Heuein
808 1129 924 1182 crianam
938 1129 1090 1200 opinionem
1103 1130 1139 1182 od
1151 1131 1243 1196 lenum,
1255 1128 1326 1202 quod
1340 1127 1378 1182 illi
1390 1139 1447 1199 epte
1459 1149 1518 1184 cum
1531 1131 1621 1190 verb'u

496 1209 610 1272 moade
622 1212 774 1271 eenducec
848 1210 960 1266 ridetur.-
977 1210 1021 1264 aed
1043 1229 1072 1265 ee
1092 1229 1145 1265 non
1165 1211 1262 1282 placuit
1273 1206 1428 1281 denegare,
1446 1213 1490 1283 qui
1506 1231 1568 1284 pag·
1584 1218 1620 1269 76

496 1313 535 1365 aq.
550 1293 678 1365 disputet,
698 1301 831 1363 postquam
846 1295 976 1346 variorum
992 1293 1049 1346 l‘V,
1066 1293 1291 1348 [innominavit
1310 1295 1487 1357 coniecturas,
1509 1292 1621 1348 tandem

498 1375 585 1430 locum
602 1373 700 1428 iudicat
711 1371 775 1427 adeo
792 1382 952 1442 corruptum,
967 1372 1074 1426 Aemilii
1095 1371 1201 1428 sortasse
1217 1372 1296 1429 Probi
1309 1372 1395 1443 culpa,
1409 1384 1436 1427 ut
1450 1373 1621 1444 probabiliter

497 1474 546 1510 uec
562 1453 682 1526 replicari
698 1453 786 1524 possit,
799 1471 845 1507 aec
857 1453 999 1508 emendari.
1017 1453 1062 1508 lile
1076 1451 1189 1524 scriptia,
1204 1453 1284 1508 incidi
1301 1455 1329 1506 in
1350 1453 1390 1508 lo.
1414 1455 1524 1528 Godosr.
1538 1453 1618 1508 Selai-

498 1536 615 1604 elredone,
631 1536 745 1590 lienteria
757 1532 859 1588 nebulae
873 1535 989 1599 Deeaum,
1006 1533 1182 1606 prolusionern
1200 1531 1376 1588 scholasticam
1389 1533 1422 1586 de
1438 1537 1515 1590 viduo
1532 1535 1619 1588 loco·

498 1621 556 1672 ntae
569 1619 605 1670 ud
620 1634 721 1670 acenom
736 1629 822 1679 wate,
846 1617 944 1669 Dessau
963 1619 1038 1682 ⁴780,
1053 1621 1085 1679 4,
1101 1624 1125 1668 ι.
1139 1613 1207 1688 plag.
1222 1615 1340 1668 Primum
1360 1635 1458 1668 erenum
1477 1615 1583 1680 retinet,
1597 1627 1626 1671 et

500 1697 626 1771 intelligii
638 1695 800 1772 palustrem,
811 1695 957 1773 praecipue,
970 1715 1054 1770 qurum
1064 1699 1168 1768 Spartae
1179 1696 1309 1768 quoddam
1319 1709 1384 1754 essct
1400 1699 1531 1772 virginum
1543 1718 1625 1754 cursu

500 1789 630 1834 mrtamea
650 1777 850 1850 gymnaalicum,
865 1795 913 1830 nec
927 1795 989 1830 vcro
1003 1773 1112 1847 puellae,
1131 1777 1213 1845 docet,
1232 1787 1343 1844 tantum,
1360 1777 1513 1849 eaedemque
1531 1783 1626 1834 maxi-

501 1879 574 1916 mam
587 1869 687 1930 partem
700 1858 840 1930 denudatas
852 1859 921 1912 inter
939 1867 1101 1922 reuertente,
1121 1858 1167 1912 sed
1190 1861 1270 1912 etiam
1292 1877 1350 1912 cum
1371 1857 1577 1916 adolescentibus
1595 1864 1627 1916 lo

502 1939 645 2015 gymnasiis
657 1957 792 1993 consuesse
809 1937 886 1991 simui
904 1957 1011 2010 corpora
1034 1957 1170 2009 exercere,
1191 1940 1360 1995 nudationem
1382 1939 1457 1994 illam
1473 1959 1527 1994 non
1544 1942 1627 1998 inisse

504 2032 618 2092 turpem,
632 2018 678 2073 scd
692 2017 836 2090 simplicem
855 2020 992 2088 quamdam
1015 2019 1245 2090 consuetudinem,
1265 2021 1297 2074 ed
1314 2024 1398 2076 maius
1414 2017 1528 2092 corporis
1542 2023 1628 2077 robur

505 2113 531 2160 et
548 2101 581 2156 ad
594 2103 699 2174 nuptiae
715 2100 889 2155 conciliandae
905 2110 1000 2172 aptans,
1016 2118 1065 2154 uec
1082 2102 1147 2154 adeo
1161 2102 1245 2157 viduis
1261 2122 1363 2174 quoque
1377 2103 1521 2176 indignam.
1537 2108 1627 2172 Tum,

503 2187 527 2242 ei
538 2183 579 2238 cui
595 2181 641 2237 illa
652 2181 777 2252 expositio
794 2179 938 2256 displiceat,
961 2181 1170 2236 emendationem
1181 2204 1283 2238 euenum
1299 2183 1473 2246 commendat,
1485 2185 1510 2238 h.
1521 2205 1545 2239 e.
1558 2205 1627 2242 ωει-

502 2265 615 2330 eim,
627 2264 763 2334 praecipue
779 2261 817 2328 id,
834 2259 904 2334 quod
918 2261 999 2324 ionic
1012 2261 1156 2330 dicebatur,
1169 2273 1194 2318 et
1210 2273 1279 2317 extra
1293 2265 1385 2318 urbem
1403 2265 1431 2320 in
1445 2265 1564 2320 tentoriis
1578 2267 1626 2322 in-

502 2341 669 2402 mure
691 2342 723 2398 eal
736 2343 807 2415 quod
824 2341 885 2396 iliae
904 2342 1027 2397 vidueea
1043 2344 1128 2416 procia
1145 2346 1231 2399 lorsan
1245 2343 1364 2399 mercede
1384 2345 1525 2399 conductae
1538 2345 1627 2402 dace-

505 2426 610 2480 benter.
626 2427 743 2496 Denique
755 2421 844 2494 prohat
858 2422 993 2494 vulgatum
1005 2423 1041 2478 ed
1058 2426 1165 2494 scenam
1179 2423 1251 2480 addit
1265 2442 1326 2481 vero
1344 2423 1486 2484 aracharius
1502 2429 1625 2498 exponit,

504 2508 659 2568 mulium
676 2523 729 2562 nou
744 2506 813 2578 loqui
830 2503 862 2559 de
878 2506 982 2559 uetustis
1002 2506 1263 2562 Lacedaemoniorum
1278 2507 1404 2573 moribus,
1418 2507 1464 2566 aed
1477 2509 1509 2564 de
1525 2511 1564 2576 iis,
1579 2513 1628 2582 qui

502 2605 553 2646 m
565 2603 630 2656 aero
646 2589 794 2662 viguissent,
810 2587 925 2659 adeoque
942 2590 1068 2657 corruptis
1080 2597 1106 2642 et
1120 2587 1239 2657 perditis,
1256 2589 1377 2644 Lacaenis
1388 2590 1471 2658 luxui,
1485 2589 1582 2647 deliciis
1597 2606 1630 2650 ct

504 2687 569 2724 auro
579 2681 739 2742 eqmtoque
752 2669 875 2734 adeuetiea
893 2668 983 2721 viduae
1002 2669 1083 2741 igitur
1096 2668 1137 2722 vel
1155 2669 1257 2724 nabiles
1271 2668 1314 2722 illa
1329 2679 1479 2742 tempestate
1493 2691 1507 2726 a
1521 2683 1632 2746 epecta-

505 2751 573 2806 ulia
586 2747 694 2808 mama
705 2761 732 2810 et
746 2749 851 2806 ludicris
864 2742 969 2818 artibus,
984 2749 1106 2804 mercede
1119 2749 1263 2816 condentes,
1277 2751 1346 2806 haud
1362 2751 1531 2811 abhorruisse.
1546 2753 1581 2810 T.
1595 2757 1632 2814 C.

506 2831 614 2888 aare.
1419 2829 1424 2840 '

540 2989 684 3046 Ureraaeaa
702 2991 736 3058 V,
752 3007 779 3061 p.
793 2995 835 3044 et.
859 2985 937 3044 Nava
953 3000 1026 3055 cecc,
1042 2993 1075 3044 ui
1090 3007 1245 3045 eamme...
1260 3009 1365 3064 nonque
1380 2993 1541 3048 mione...
1556 3007 1632 3048 mese

506 3085 613 3130 m.
624 3071 739 3126 &bedec
751 3071 860 3133 citasti,
880 3089 947 3124 nm
959 3075 1043 3142 patin
1058 3089 1162 3127 ummo.
1176 3073 1314 3125 Severonie
1330 3081 1356 3127 et
1369 3073 1469 3130 §chorei
1481 3073 1540 3130 libri
1553 3077 1630 3130 eutl-

508 3155 570 3228 qui,
582 3159 610 3208 ies
620 3166 693 3224 pane
705 3157 800 3206 armeta
812 3171 925 3218 mennae,
940 3171 1017 3224 quam
1039 3157 1191 3224 scripturam
1208 3165 1235 3209 et
1258 3155 1379 3210 Schottm
1394 3157 1496 3228 pratae,-
1509 3156 1575 3228 qund
1588 3159 1624 3212 ed

507 3236 606 3292 aetatis
618 3233 713 3305 padam
729 3235 823 3287 instrui
836 3233 903 3286 acies
918 3238 1013 3304 potuit,
1026 3253 1110 3307 pogna
1122 3251 1185 3288 vero
1196 3235 1227 3289 ad
1240 3237 1336 3291 muntia
1352 3240 1473 3293 verticem
1484 3237 1622 3302 committi,

508 3321 627 3390 ιιμιι,
644 3323 674 3368 at
684 3313 725 3380 ht,
741 3313 831 3368 hastili
848 3315 911 3370 scie.
924 3315 975 3368 Sed
990 3315 1052 3369 haec
1067 3317 1087 3369 ai
1102 3318 1268 3371 examinanda
1282 3320 1374 3387 iurent,
1391 3337 1502 3393 magnaeo
1519 3317 1624 3389 singule

508 3395 616 3452 aaaasaa
629 3395 804 3452 difficultatem
816 3396 990 3466 respondendi
1012 3397 1216 3452 elicerentlliihi
1233 3400 1374 3474 persuadeo
1387 3401 1459 3456 eitius
1473 3397 1627 3456 delitescere

509 3477 594 3547 claua,
606 3495 687 3552 quem
700 3490 730 3534 ut
750 3495 782 3533 ee
801 3480 906 3550 ingenio
922 3481 978 3532 aine
995 3475 1075 3532 Codri.
1091 3477 1152 3534 illac.
1179 3501 1228 3554 ope
1254 3481 1311 3536 tolli
1328 3487 1417 3556 poerit.
1437 3486 1537 3538 interim
1557 3499 1628 3539 novo

508 3573 565 3618 ute
581 3559 643 3616 licet
658 3577 748 3632 capere
762 3569 926 3630 antefieret,
947 3569 1103 3632 quocontra
1123 3563 1277 3616 immensam
1292 3562 1461 3618 harbarorum
1477 3565 1626 3618 multitudi-

509 3661 572 3699 eem
586 3643 652 3698 aeica
671 3643 739 3700 inter
756 3641 879 3696 arborum
898 3649 1008 3708 tractus,
1031 3643 1058 3699 in
1075 3643 1172 3698 montis
1194 3645 1322 3698 radicibue
1339 3647 1479 3700 instructae
1495 3651 1548 3700 eim
1566 3663 1629 3704 vero

508 3731 641 3790 m,
652 3723 813 3778 alacritatem
827 3724 959 3796 pergrandi
974 3723 1165 3789 incredibilem,
1178 3735 1204 3780 et
1219 3725 1339 3779 vincendi
1350 3725 1483 3793 fiduciam,
1496 3729 1541 3802 qul
1551 3741 1565 3780 a
1576 3727 1630 3783 auia

509 3805 599 3862 “elale
615 3817 675 3862 nete
696 3806 752 3858 lere
773 3807 855 3860 etetlia
874 3807 902 3859 lo
922 3803 1043 3860 barbaros
1066 3817 1256 3878 procurrerent.
1272 3809 1392 3880 Appoaite
1406 3809 1526 3880 Vegetiue
1545 3807 1590 3863 lib.
1603 3811 1629 3874 l,

508 3901 566 3958 ιη.
581 3895 611 3942 ιι
630 3887 744 3940 tramea
759 3888 857 3957 praelio
880 3905 931 3944 mn
949 3901 1002 3940 tcm
1026 3891 1158 3944 mtuaaaa
1175 3903 1200 3942 et
1216 3895 1297 3943 vinee
1320 3887 1435 3954 indocte,
1452 3906 1527 3959 qemun
1542 3907 1585 3942 are
1602 3901 1629 3942 et

436 4033 441 4040 ,
507 3972 651 4026 maim
660 3971 742 4026 aalma
752 3983 878 4040 penedes
889 3973 1030 4024 meaa
1043 3971 1169 4024 Gebhard.
1177 3971 1318 4025 Lambinus
1331 3975 1474 4044 traaaponit
1486 3969 1534 4024 hoc
1543 3981 1629 4040 paeane

509 4049 612 4108 struae
619 4063 722 4122 poetam
733 4051 776 4106 elie
788 4051 830 4107 aud
840 4056 934 4106 mette
946 4051 1074 4106 radiaidee
1091 4057 1144 4106 acie
1157 4070 1172 4106 e
1187 4058 1291 4123 regione
1306 4057 1436 4118 inatrecte,
1450 4053 1499 4108 iae
1511 4053 1631 4120 nouitio,

509 4143 537 4189 Ιι
550 4143 575 4188 d
588 4143 666 4190 nort.
681 4145 735 4204 tep-
751 4133 854 4187 eltitad.
869 4144 893 4186 et
905 4134 1021 4188 ardorem
1035 4147 1117 4190 rnatu
1136 4138 1253 4208 (eamque
1273 4135 1374 4192 ardum
1386 4137 1469 4190 maltis
1480 4135 1544 4190 incia
1555 4149 1633 4192 nm

508 4215 690 4293 mimi·
702 4213 771 4277 ieet.
789 4213 882 4294 iope&
899 4233 931 4274 ne
946 4215 1020 4274 mle·
1033 4217 1224 4292 amoenet
1246 4235 1314 4276 neec
1328 4231 1400 4287 «etc.
1416 4219 1445 4277 vi
1463 4235 1525 4278 sere·
1543 4219 1632 4296 pest.
