3528 5780
580 461 677 584 354
1017 496 1281 558 mannasca
1402 434 1407 442 ⁵

577 697 734 784 fortuna
758 695 925 775 adiutrix
951 695 1196 788 consiliorum
1221 695 1434 774 bonorum:
1456 695 1597 796 quibos
1624 699 1700 800 qui

476 905 491 924 f
576 843 657 892 non
674 817 806 909 utitur,
822 814 914 893 felix
933 814 1041 892 nullo
1055 831 1167 921 pacto
1194 841 1273 890 esse
1293 811 1537 916 potest.Ergo
1552 816 1592 888 in
1607 841 1700 918 per·

577 930 665 1007 ditis
681 931 881 1035 impiisque
899 928 1076 1018 consiliis,
1085 929 1376 1033 quibusCaesar
1386 953 1477 1004 usus
1486 944 1580 1018 erat,
1589 927 1698 1003 nulla

574 1048 703 1151 potuit
727 1071 805 1124 esse
821 1043 999 1136 felicitas3
1020 1045 1243 1149 feliciorque
1262 1070 1343 1120 meo
1362 1046 1500 1122 iudicio
1517 1043 1697 1120 Camillus

574 1161 745 1254 exulans,
763 1167 780 1218 ⁶
797 1189 910 1266 quam
924 1160 1159 1268 temporibus
1176 1161 1307 1238 iisdem
1332 1159 1509 1252 Manlius,
1526 1163 1696 1252 etiamsi,

458 1293 461 1298 '
538 1276 617 1364 ¹‚id
633 1277 738 1380 quod
763 1282 947 1382 cupierat,
966 1303 1123 1380 regnare
1141 1279 1336 1383 potuisset.
1362 1273 1553 1352 Amminn.
1585 1277 1695 1350 Man

577 1398 661 1493 cell,
687 1395 749 1472 tib.
777 1397 886 1494 XXI
905 1411 1000 1470 extr.
1205 1399 1210 1406 ’
1402 1399 1410 1416 ”

628 1511 730 1586 Haec
751 1511 905 1614 qnidam
925 1517 939 1564 ⁷
959 1527 1142 1588 ¹veterum
1168 1506 1423 1597 formidantes,
1460 1505 1694 1609 cognitiones

509 1641 518 1658 ⁸
577 1629 955 1718 actuumvasicrum,
972 1623 1075 1726 stylis
1094 1624 1274 1702 uberibus
1292 1623 1506 1728 explicatas,
1522 1624 1695 1698 nonedi-

576 1744 666 1820 dere
685 1747 913 1848 superstites,
933 1751 976 1819 ut
993 1747 1033 1818 in
1054 1742 1215 1844 quadam
1233 1742 1282 1817 ad
1308 1738 1531 1818 Cornelium
1555 1742 1692 1844 Nepo-

576 1851 652 1936 tem
679 1857 836 1964 epistola
856 1856 1007 1936 Tullius
1022 1885 1187 1964 quoque,
1199 1847 1304 1935 testis
1325 1857 1567 1954 reverendus,
1594 1862 1696 1934 affir-

575 1991 665 2050 mat.
682 1975 880 2050 Ammine.⁵
899 1977 1073 2052 Marcell.
1099 1977 1161 2055 tib.
1190 1975 1343 2066 XXVI,
1366 1981 1485 2076 princ.

626 2089 842 2170 Sententiae
864 2088 967 2173 illius
985 2090 1185 2168 Tullianae
1206 2095 1379 2193 ignarus,
1407 2089 1604 2182 docentis,
1633 2093 1697 2166 in·

575 2205 704 2285 felices
723 2234 801 2284 esse
833 2232 916 2296 eos,
936 2211 1004 2311 qui
1022 2211 1146 2282 omnia
1177 2209 1247 2284 sibi
1277 2209 1394 2285 licere
1416 2211 1697 2286 existimarunt.

575 2320 768 2402 Anauon.
792 2322 967 2402 Marcell.
993 2323 1053 2400 lib.
1081 2324 1236 2416 XXVI,
1251 2329 1349 2401 eccll.

906 2607 1030 2684 tunm
1050 2591 1113 2680 lu
1140 2606 1360 2682 anntcvn

956 2929 960 2938 ι
1017 2863 1065 2914 ns
1082 2862 1232 2914 across.
1259 2833 1284 2879 '-

624 3069 781 3173 Nepotis
807 3066 1004 3172 epistolam
1031 3084 1200 3168 expecto.
1218 3063 1387 3170 Cupidus
1404 3061 1470 3139 ille
1490 3075 1687 3159 meorum,

574 3185 641 3286 qui
660 3210 716 3276 ea,
734 3185 873 3288 quibus
890 3189 1045 3263 maxime
1063 3193 1198 3286 γαυριῶ,
1215 3174 1375 3287 legenda
1394 3210 1474 3260 non
1492 3187 1622 3285 putet?
1641 3191 1688 3260 Et

605 3395 649 3464 (6)
665 3393 791 3449 Camillus
803 3397 914 3450 catalasca.
931 3395 978 3449 tlte
989 3406 1021 3459 ,et
1038 3395 1102 3448 alter
1152 3413 1218 3465 supe
1234 3397 1342 3466 Tarpeia
1359 3395 1521 3467 praecipitem
1540 3394 1686 3466 dedet-nnn

571 3476 696 3532 Romulus
712 3479 797 3534 dictus
811 3479 869 3542 fuit,
878 3489 1011 3551 propterea
1020 3479 1101 3549 qnod,
1152 3481 1245 3535 domna
1257 3481 1343 3535 diruta
1358 3491 1385 3535 et
1398 3482 1532 3535 tooaaiua
1544 3483 1687 3552 publicata.

570 3561 604 3618 ed
621 3564 824 3616 internecionem
839 3561 931 3616 deletio
947 3561 1039 3628 Gallia,
1057 3563 1102 3634 qui
1152 3565 1227 3615 Hunc
1247 3582 1302 3622 non
1323 3564 1489 3634 praecipitem
1514 3563 1624 3630 datum,
1642 3566 1688 3620 aed

569 3644 662 3700 urbem
689 3646 871 3711 incenderant,
897 3656 923 3700 et
946 3643 1101 3717 Capitolium
1153 3646 1303 3700 verberibua
1327 3659 1447 3702 necatum
1471 3647 1549 3700 refett
1581 3648 1688 3721 Nepos,

568 3729 731 3795 obeidebant,
748 3729 934 3802 rempublicam
958 3731 1101 3784 Romanam
1149 3727 1444 3798 fragm'Cbtonicotum
1461 3729 1481 3782 1.
1618 3761 1621 3766 n

567 3809 687 3864 testituit.
704 3813 744 3865 De
760 3830 813 3882 qno
830 3809 889 3864 vide
906 3809 965 3864 Vel.
979 3809 1047 3864 Max.
1065 3813 1100 3876 V,
1183 3813 1227 3878 (7)
1241 3809 1312 3862 Haec
1330 3812 1444 3881 qainon.
1461 3813 1571 3864 Sensum
1589 3811 1690 3868 verbo·

569 3895 595 3958 3,
611 3895 636 3944 2.
659 3884 781 3946 Cedens.
796 3919 827 3932 -
839 3892 964 3945 Manlius.
985 3892 1048 3962 Qui,
1066 3891 1100 3944 ob
1150 3913 1209 3948 sum
1223 3897 1250 3948 in
1265 3894 1313 3948 boc
1324 3896 1478 3966 fragmento,
1495 3915 1547 3948 non
1561 3897 1619 3966 ipsa
1630 3917 1691 3952 ver·

569 3974 703 4030 &feneum
736 3975 907 4048 Capitolium,
941 3976 1100 4047 Capitolinus
1151 3977 1183 4030 ba
1200 3995 1265 4043 esee,
1282 3976 1427 4050 facilequia
1442 3979 1528 4032 eentit.
1541 3981 1693 4047 Ceterum,

408 4147 414 4161 .
457 4054 461 4062 ’
565 4057 652 4114 dictus
676 4068 716 4114 eat
724 4099 735 4126 ,
760 4070 786 4114 et
802 4060 916 4116 domam,
928 4061 956 4114 in
973 4057 1099 4130 Capitolio
1150 4060 1453 4158 qfflapparetnemere
1470 4059 1615 4131 bicaliqua
1635 4067 1696 4118 lie-

566 4135 669 4212 pbblice
687 4145 793 4216 accepit.
811 4148 885 4200 Hunc
901 4147 1100 4200 tamenaffecta-
1150 4155 1216 4217 potu
1229 4145 1379 4216 fragmentis
1391 4155 1605 4210 anuumecsntur.
1625 4151 1696 4204 Tae.

567 4214 608 4278 tte
632 4228 776 4298 tyrannidis
798 4238 886 4299 postea
908 4227 1062 4284 damnatum
1084 4246 1100 4282 e
