3528 5780
528 529 788 592 rreoumtra
1140 505 1236 636 357

127 753 205 836 coe,
230 729 297 830 qui
312 725 455 830 aliquid
478 725 683 834 diiigenter
706 747 746 812 ct
761 748 871 810 ecute
888 733 1131 836 amiceque
1146 765 1236 844 poe·

126 849 202 924 rint
217 859 284 918 aut
301 840 438 931 dicere,
458 862 523 921 aut
540 846 733 938 scribere3
750 865 920 927 ceterum
938 851 1093 954 proprie
1106 853 1159 928 sic
1174 881 1240 958 ep·

124 956 321 1064 pellendos
337 976 537 1062 poetarum
563 963 807 1063 interpretes,
824 968 889 1064 qni
917 992 939 1040 u
964 947 1116 1054 Greedis
1132 995 1239 1070 γραμ,

124 1071 252 1186 μᾳτικοὶ
270 1077 524 1154 nominentur.
550 1079 705 1156 Sueten.
730 1081 777 1156 de
802 1081 949 1160 illustr.
970 1097 1179 1186 grammat.
1204 1109 1239 1160 c.

174 1307 253 1402 ⁸Vll.
273 1307 429 1384 Praeter
446 1308 638 1412 physicos,
655 1309 961 1414 Homerumque,
991 1313 1058 1414 qui
1085 1313 1240 1392 nniver-

123 1447 205 1499 sum
223 1421 354 1500 orbem
373 1426 467 1500 mari
493 1421 763 1528 circumfusum
788 1451 867 1505 erse
886 1425 1078 1522 dixerunt,
1101 1429 1238 1506 Coruo

122 1537 197 1613 lius
215 1540 355 1644 Nepos,
367 1555 413 1616 ut
429 1540 621 1617 recentior
632 1547 674 1630 „⁴
695 1543 747 1618 ita
764 1543 987 1630 auctoritate
1005 1545 1158 1620 certior.
1167 1545 1241 1620 Te·

122 1669 218 1730 stem
235 1670 361 1728 nutem
379 1655 435 1732 rei
451 1657 497 1750 Q.
511 1653 704 1731 Metellum
710 1653 892 1771 ‚Celerem
912 1653 1053 1748 adiicit,
1073 1681 1240 1762 eumque

122 1775 174 1852 ita
199 1770 374 1850 retulisse
390 1791 683 1851 commemorat:
702 1796 821 1877 quum
840 1772 1238 1888 Galliae²proconsul

122 1905 324 1990 praeesset,
345 1888 460 1966 Indos
485 1889 671 1994 quosdam
688 1918 712 1964 a
725 1915 815 1992 rege
830 1891 1035 1968 Boiorum³
1053 1891 1156 1968 dono
1169 1892 1238 1972 eibi

123 2001 249 2096 datos3
271 2001 374 2080 unde
399 2007 440 2079 in
455 2030 515 2082 ees
533 2023 650 2084 terrae
667 2002 918 2096 devenissent,
929 2005 1164 2108 requirendo
1176 2031 1238 2082 co·

123 2131 267 2222 gnosso,
285 2120 322 2196 vi
350 2125 613 2224 tempestatum
634 2145 683 2194 ex
711 2118 851 2197 Indicis
879 2117 1109 2229 aequoribus
1128 2119 1238 2197 ubre-

124 2347 157 2402 de
168 2345 336 2402 euntheeead
350 2347 463 2402 rotunde
471 2347 654 2404 vocabulorum
706 2347 808 2412 Galliis,
819 2349 880 2424 quie
893 2349 920 2404 id
933 2360 1058 2424 praeeunt
1069 2349 1180 2416 rodioer,
1193 2367 1239 2406 re-

123 2431 240 2484 affinium
267 2431 430 2494 discrimine.
456 2433 484 2497 in
510 2433 599 2502 primic
620 2427 655 2486 de
704 2433 768 2502 petit
781 2431 880 2486 Plinius
896 2435 931 2500 11,
949 2439 991 2498 ot,
1008 2444 1034 2488 et
1050 2453 1091 2488 ree
1103 2434 1158 2504 ipre
1174 2450 1238 2486 eue-

122 2516 285 2587 gremmetici
308 2533 385 2569 renen
411 2518 534 2588 entique,
555 2517 602 2589 qui
621 2533 655 2569 e:
704 2514 756 2570 det.
780 2516 826 2570 vri
842 2518 915 2569 enirn
937 2525 1037 2570 coutet
1052 2535 1085 2570 en
1107 2515 1238 2570 Ciceroni·

121 2599 246 2654 Cicerom
256 2601 334 2654 etiem
357 2609 384 2654 et
409 2600 527 2656 Suetonii
550 2599 653 2671 iibeiio,
703 2602 829 2667 oret.pro
843 2594 952 2652 Murem
968 2597 1028 2662 XX,
1049 2595 1177 2668 obtigerat
1197 2593 1240 2652 iiii

121 2682 191 2736 unde
207 2684 269 2736 baec
282 2681 358 2738 ducta
371 2693 443 2750 eunt,
458 2691 599 2738 notueeeee
611 2693 655 2736 eut
704 2676 790 2734 Griiie
803 2676 938 2749 Cisalpine,
955 2677 1123 2749 Trenrelpina
1145 2679 1240 2733 More-

121 2763 185 2820 dieci
196 2777 289 2838 poteet.
301 2767 342 2822 Gi.
357 2775 445 2821 temen
461 2767 564 2822 Ernesti
587 2765 654 2823 ciev.
704 2781 761 2833 qee.
775 2760 870 2816 incidit
880 2773 966 2816 eutem
976 2763 1004 2817 in
1015 2766 1048 2818 Α.
1060 2765 1093 2818 V.
1103 2768 1162 2830 6905
1175 2762 1238 2834 quie

118 2848 175 2904 cte.
189 2849 231 2904 bie
244 2869 301 2906 roc.
313 2851 436 2906 (ietemrn
452 2851 558 2904 initiunt
579 2849 655 2922 ireq-
703 2844 904 2917 praemineret
918 2845 1043 2900 Cicerone
1063 2845 1186 2909 coneuie,
1202 2847 1237 2900 A.

120 2932 214 3002 urenti,
227 2951 257 2988 ex
265 2934 444 2990 emendetione
457 2933 600 2989 Ceeeuboni
612 2953 654 2988 co·
704 2930 764 2982 689.
778 2927 873 2982 Courul
884 2928 964 2982 botru
974 2929 1092 2983 erim.
1104 2932 1163 2987 eet.
1171 2931 1236 2984 un.

120 3017 246 3090 dicitque,
257 3018 293 3073 ite
306 3022 386 3074 etiam
402 3018 546 3074 erbibeturr
565 3020 654 3072 eCor-
738 3013 782 3080 (³)
799 3009 929 3064 Boiomm·
946 3011 984 3066 lta
1009 3029 1078 3066 nunc
1102 3012 1163 3066 dedi
1187 3027 1237 3082 pro

120 3093 206 3153 aelius
218 3100 305 3170 Nepoe
322 3099 413 3154 litatio
426 3099 539 3173 quodem
557 3099 654 3156 ‹tutin-
703 3093 853 3158 uocemue,
873 3092 943 3166 qnod
964 3093 1014 3150 troo
1029 3111 1126 3148 nemen
1147 3093 1236 3167 piero-

121 3184 210 3256 μὴ·
224 3187 285 3240 Tre.
703 3193 813 3248 rumque
826 3175 945 3232 codicem
962 3177 1065 3234 indicite
1075 3177 1237 3250 propiorib-

156 3271 201 3338 (t)
220 3269 261 3324 Vr
284 3281 414 3325 recentior.
432 3271 515 3324 inrue
535 3269 578 3324 hie
599 3287 654 3322 non
703 3261 822 3332 iniectum
835 3263 883 3318 eiei
906 3262 934 3315 ia
950 3278 1045 3336 meque
1066 3263 1173 3318 iiiorurn
1190 3263 1238 3318 inr-

121 3367 175 3404 une
186 3349 251 3404 secie
263 3352 291 3404 in
304 3349 461 3405 editionibus
472 3347 557 3405 Melae
572 3369 652 3422 eppe-
703 3347 846 3402 constantia
858 3356 884 3400 et
897 3345 1055 3414 diversitate,
1074 3345 1238 3420 aliorumque

121 3441 172 3488 ret.
188 3431 296 3488 Codiaee
311 3433 428 3505 plerique
440 3445 467 3488 rc
480 3439 602 3488 mucor
613 3453 665 3487 eur
703 3440 838 3488 eceteram
852 3429 963 3496 ulmea,
981 3449 1029 3524 Uo
1044 3427 1164 3486 ieetioeie
1181 3433 1237 3484 eim

121 3521 244 3580 ctoritate,
261 3518 298 3572 rio
312 3523 413 3582 certior3
425 3515 544 3572 melioret
565 3529 592 3570 ret
607 3537 653 3572 re·
703 3515 753 3570 fide
769 3513 895 3586 apondere
907 3512 998 3569 nolim.
1013 3515 1089 3582 Quod
1102 3517 1175 3568 enirn
1185 3513 1239 3570 Pii·

122 3605 225 3666 oenu'or,
241 3604 439 3656 itawnorircte
461 3607 560 3671 centoq
582 3601 653 3676 quod
703 3598 761 3653 niue
779 3601 813 3666 n,
831 3605 876 3662 6⁷,
890 3596 935 3650 ubi
949 3595 1014 3652 banc
1030 3597 1115 3649 Meiae
1129 3596 1171 3651 vei
1186 3598 1236 3650 Nea

121 3681 240 3752 proetuii.
263 3683 364 3756 Nempe
387 3685 534 3738 auctoritate
562 3691 654 3737 certior
701 3683 769 3754 potio
780 3681 953 3736 narrationem
966 3681 1069 3750 repetit,
1085 3679 1236 3758 hdretSue-

123 3782 170 3839 per
189 3767 452 3822 accommodationem
465 3766 498 3820 ed
517 3763 605 3837 Nepoe
622 3785 653 3820 ex
702 3781 798 3828 mmor,
815 3781 830 3816 e
851 3762 938 3817 Melae
953 3762 1085 3818 codicibus
1105 3763 1181 3834 piene
1196 3769 1236 3815 eet

121 3844 269 3902 ierereione
285 3845 363 3914 velet,
379 3847 480 3902 certiori
493 3848 653 3912 euetoritate,
704 3847 828 3901 eiieouen.
843 3846 963 3902 Lectioui
976 3847 1119 3914 narem,
1134 3846 1162 3902 id
1178 3855 1234 3912 ert,

122 3929 214 3994 ideet,
238 3929 298 3995 fide,
317 3933 476 3986 testimonio.
498 3929 572 3998 Quod
598 3939 654 3999 poet
703 3931 864 3994 batavorum,
891 3931 931 3985 uti
961 3931 1113 4002 explicetur,
1134 3930 1234 3998 ebetat,

122 4017 217 4070 cercior
242 4012 321 4087 uulgo
344 4013 386 4068 bic
410 4015 531 4069 inreritur
560 4015 654 4082 trudit,
702 4031 756 4086 quo
765 4013 862 4067 dnemo
874 4023 989 4070 veterem
1005 4014 1052 4094 itte
1065 4025 1236 4084 temporen-

121 4117 204 4170 quurn
220 4097 269 4154 eoii
282 4097 397 4152 vadieno
414 4099 545 4162 debeatur,
559 4107 585 4152 et
597 4101 653 4152 eine
702 4115 763 4168 pem
784 4099 818 4152 iie
842 4097 946 4164 tribuit,
962 4098 1005 4157 rui
1021 4097 1145 4169 petebant
1160 4098 1234 4163 nott,

123 4199 155 4234 eo
169 4199 257 4240 remur
269 4181 321 4238 loci
342 4181 458 4254 expediri
479 4183 568 4254 poerit,
584 4195 653 4236 nunc
703 4181 758 4254 qni,
774 4183 824 4237 etei
840 4183 1022 4238 mediterranei
1033 4185 1147 4249 fuerent,
1158 4182 1236 4238 lodo·

122 4263 218 4332 expuii.
235 4268 296 4321 Ter.
702 4278 791 4322 temen
808 4265 867 4322 iiior
881 4269 995 4324 neucird
1005 4279 1031 4324 et
1042 4269 1079 4325 eie
1090 4267 1161 4326 douo
1172 4268 1235 4326 dere

157 4345 205 4414 (2,
230 4347 339 4406 Galliae.
363 4351 401 4406 ite
427 4367 496 4404 nunc
522 4347 583 4406 dedi
607 4365 657 4421 pre
701 4353 927 4422 mnuatho.
