3528 5780
573 569 922 640 ousaavsmovns
1225 549 1317 683 397

239 773 313 833 Patet
330 793 361 831 es
377 771 417 832 hit
432 773 540 830 onrosu
553 775 652 844 verbls,
666 769 705 834 ‘ut
720 787 746 832 et
768 793 783 832 e
800 773 931 850 cooptata
947 777 1061 835 historici
1084 768 1322 850 nsrrstlone,²mor

205 869 262 932 post
274 875 389 930 pugnarn
402 855 604 926 Marathoniam,
615 857 736 916 ttituate
747 859 830 915 adhuc
843 863 947 920 vivente
960 869 986 916 et
1005 859 1099 930 libero,
1119 862 1234 918 tabulam
1255 865 1322 922 bane

204 957 258 992 esse
271 937 424 992 conlectam.
438 938 528 1007 ltaque
543 938 575 991 ad
592 943 739 1010 praemium
752 934 866 998 lthltisdi
879 943 1002 1000 tributum
1014 961 1067 998 non
1080 943 1189 1014 partinet
1198 943 1237 1010 id,
1251 947 1321 1016 quod

203 1019 306 1074 Pliusiss
318 1020 411 1084 refert,
422 1020 488 1073 Hist.
503 1019 560 1074 Nat.
575 1023 683 1091 XXXV,
693 1028 719 1088 8,
731 1023 858 1096 praelium
870 1023 1062 1079 Marathoniam
1077 1027 1231 1092 sPsoscrso,
1242 1025 1322 1082 fratre

201 1099 318 1170 Phidiae,
335 1117 390 1154 esse
404 1100 515 1172 pictum,
528 1121 576 1158 nec
594 1105 665 1177 quod
685 1105 817 1171 Aelianas,
841 1107 887 1176 qui
903 1105 1047 1179 Polygnoto
1062 1105 1158 1164 celebri
1179 1106 1321 1162 admodum

200 1185 296 1260 pictori
313 1182 430 1238 eiusdem
448 1187 549 1256 generis
574 1204 638 1258 opus
655 1189 683 1242 in
699 1187 801 1243 Poecile
826 1189 929 1260 tribuit3
945 1189 974 1244 hi
990 1191 1062 1246 enim
1088 1189 1141 1244 duo
1157 1189 1249 1246 multis
1264 1199 1322 1262 post

200 1280 314 1342 pugnam
331 1264 524 1320 Marathoniam
537 1269 612 1322 annis
631 1271 759 1341 pingendi
779 1278 834 1324 arta
858 1270 1045 1327 inclaruerunt.
1062 1276 1221 1326 Renovatarn
1236 1273 1322 1344 potius

199 1356 258 1419 post
274 1349 421 1403 combustas
435 1369 449 1403 s
465 1353 551 1404 Xerse
568 1349 691 1416 Athenas,
704 1370 750 1406 seu
764 1353 843 1406 etiam
856 1355 992 1425 repetitam
1006 1353 1047 1408 his
1062 1353 1201 1426 pictoribus
1217 1372 1319 1426 pugnae

198 1429 379 1486 Marathonide
392 1431 505 1486 tabulam
521 1433 610 1487 credo
621 1435 797 1488 confirmatur
810 1435 871 1488 inde
885 1435 923 1502 id,
940 1436 1009 1508 quod
1030 1437 1119 1492 userit
1135 1435 1233 1493 Plinius
1250 1434 1268 1489 l.
1285 1454 1320 1502 c.‚

199 1533 315 1572 summae
326 1517 486 1586 antiquitatis
498 1535 551 1570 esse
567 1517 634 1588 apud
649 1519 820 1572 Athenienses
832 1529 913 1573 artem
926 1521 1060 1592 pingendi,
1078 1527 1104 1574 et
1121 1530 1221 1573 mature
1233 1535 1278 1573 eos
1287 1520 1320 1574 td

198 1597 301 1653 culmen
315 1599 473 1669 pervenisse,
486 1599 521 1652 ita
538 1607 566 1651 ut
581 1602 633 1652 iam
651 1599 799 1662 candaulis,
815 1602 835 1653 i.
850 1619 873 1656 e.
890 1601 993 1656 Romuli
1010 1609 1110 1664 aetate,
1135 1599 1248 1673 Olymp.
1265 1605 1297 1654 22
1306 1639 1317 1666 ,

197 1681 333 1735 manifesta
349 1681 428 1735 suerit
439 1683 500 1736 artis
517 1681 617 1736 claritas
631 1693 707 1754 atque
720 1683 855 1738 absolutio.
870 1685 941 1740 Dicit
963 1683 1073 1750 Plinius,
1091 1685 1246 1752 Panaepum,
1262 1683 1317 1737 ira-

198 1773 267 1819 trem
284 1763 401 1830 Phidiae,
420 1763 547 1836 praelium
571 1758 766 1820 flaratbonium
783 1765 903 1838 pinxisse:
932 1767 1026 1822 sddeo
1050 1768 1103 1820 ism
1120 1766 1235 1820 colorum
1259 1783 1320 1819 usus

199 1861 212 1897 ι
231 1844 423 1918 percrebuerat,
437 1844 552 1915 adeoque
566 1864 606 1898 ars
618 1846 730 1916 perlecta
751 1857 816 1912 erat,
839 1856 868 1899 ut
885 1851 912 1900 io
937 1865 970 1902 eo
991 1844 1092 1918 praelio
1107 1846 1220 1900 iconicos
1242 1843 1321 1900 ducas

201 1943 212 1979 ι
234 1927 347 1999 pinxisse
365 1926 487 1990 tradatur,
513 1926 708 1982 Atheniensium
734 1929 891 1993 Miltiadem,
909 1925 1114 1992 Callimachum,
1138 1929 1319 2000 Cynegirum,

200 2025 211 2061 ι
231 2010 402 2063 harbarorum
417 2011 507 2064 Datim
519 2021 546 2064 et
560 2011 780 2082 Artaphernem
799 2011 937 2082 Quomodo
954 2011 1061 2084 pingere
1073 2011 1199 2082 potuisset
1211 2010 1319 2076 artilex,

194 2090 300 2146 Periclis
313 2100 394 2146 aetate
411 2091 516 2158 llorcns,
531 2111 632 2165 pugnae
645 2093 821 2148 Marathonian
838 2093 915 2148 duces
929 2095 1113 2158 montoranto
1127 2111 1188 2148 eum
1198 2111 1315 2165 praeces·

194 2175 271 2228 sisset
287 2177 378 2246 pictor,
395 2193 497 2246 pugnae
525 2173 563 2227 illi
588 2175 717 2229 coaevus?
740 2177 811 2228 Hanc
838 2177 953 2247 picturae
979 2175 1161 2250 antiquitatem
1176 2193 1223 2230 nec
1241 2174 1318 2230 video

194 2256 352 2311 observatam
370 2255 646 2310 acommeutatoribus
661 2258 785 2322 Cornelii,
798 2275 847 2311 uec
863 2257 924 2311 satis
937 2255 1096 2313 vindicatam
1113 2257 1146 2310 ab
1192 2258 1223 2310 tis
1242 2250 1318 2312 lt'u'us

193 2338 323 2394 historicis
337 2338 539 2403 recentioribus,
557 2339 602 2410 qui
619 2339 803 2410 praestantiora
820 2339 923 2410 quaevis
936 2338 969 2392 sd
982 2337 1088 2392 Periclis
1102 2275 1212 2422 aser
1221 2340 1317 2396 relerre

193 2419 285 2476 solent.

231 2503 291 2558 vlt.
304 2503 398 2557 Chabr.
413 2505 434 2566 1,
448 2503 471 2574 ς.
486 2507 512 2555 2:
532 2501 709 2571 sObnisoque
721 2519 790 2572 genu
807 2511 889 2567 scuto,
914 2501 1078 2572 proiectaque
1098 2502 1171 2553 hasta
1187 2503 1315 2570 impetam

196 2603 209 2640 s
223 2583 339 2656 excipere
352 2582 466 2637 bostium
481 2583 579 2639 docuit.
595 2583 620 2652 5.
635 2587 659 2635 3.
674 2585 728 2634 Hoc
745 2599 826 2650 usque
844 2601 875 2635 eo
891 2579 1062 2634 totsGraeois
1076 2579 1143 2632 lama
1155 2579 1315 2632 celebratum

196 2676 272 2731 sest,
287 2676 317 2720 ut
330 2664 376 2720 illo
388 2673 455 2718 statu
475 2663 600 2716 Chabrias
613 2663 661 2716 sibi
678 2671 788 2718 statuam
805 2662 865 2716 lieri
888 2660 1007 2726 voluerit,
1020 2677 1086 2731 quse
1106 2659 1211 2730 publice
1234 2659 1259 2713 ei
1283 2659 1315 2714 ab

195 2765 207 2798 s
219 2745 422 2802 Atheniensibus
439 2745 467 2798 in
480 2745 537 2799 loro
554 2743 690 2798 constituta
704 2753 752 2797 est.
763 2745 801 2796 Ea
814 2761 867 2814 quo
880 2742 975 2794 lecturo
990 2751 1037 2806 est,
1049 2750 1078 2794 ut
1091 2749 1179 2812 postea
1193 2739 1315 2808 athletae,

195 2843 208 2878 a
224 2831 356 2899 ceterique
370 2829 490 2891 artilices,
509 2826 549 2878 his
564 2826 672 2879 statibus
685 2825 714 2878 iu
729 2826 820 2880 statuis
839 2823 966 2896 ponendis
991 2831 1143 2888 mantus,
1166 2823 1194 2876 in
1221 2821 1315 2892 quibus

196 2925 208 2958 s
223 2909 361 2965 victoriam
376 2918 460 2962 essent
471 2905 587 2979 adeptio
601 2906 732 2978 Exscripsi
744 2904 830 2958 locum
839 2914 936 2970 totum,
949 2922 1000 2974 quo
1011 2901 1112 2958 iacilius
1122 2903 1315 2974 dignooeantur,

195 3008 263 3060 quae
279 2991 313 3046 G.
329 2991 366 3048 E.
378 2991 487 3064 Lessing
502 2989 710 3060 ingeniosissime
721 2997 910 3041 commentatus
926 2996 965 3042 est
978 2987 1026 3040 sub
1039 2991 1119 3041 flnem
1132 2985 1192 3040 libri
1204 2990 1254 3052 sul,
1268 2989 1316 3060 qui

192 3071 309 3126 Laocoon
322 3073 482 3128 inscribitur.
495 3070 629 3141 Quidquid
644 3070 677 3124 de
694 3068 768 3124 bonis
785 3067 880 3124 litteris
894 3075 919 3122 et
933 3067 1028 3122 artibus
1039 3067 1141 3140 scripsit
1152 3070 1316 3140 praestantis·

191 3155 271 3208 simus
288 3155 342 3224 vir,
353 3173 414 3208 cum
427 3173 480 3227 quo
505 3155 533 3207 in
551 3153 637 3225 prima
658 3149 828 3206 adolescentia
853 3151 946 3205 intima
963 3149 1138 3205 familiaritate
1164 3154 1315 3206 coniunctus

192 3238 254 3302 viti,
272 3237 334 3310 lego
351 3255 411 3291 cum
424 3235 536 3290 maxima
549 3234 690 3307 voluptate.
704 3235 831 3288 Eminent
844 3233 916 3286 euim
934 3233 962 3287 in
979 3251 1019 3296 eo,
1044 3251 1109 3306 quae
1132 3251 1190 3288 raro
1213 3235 1240 3288 in
1262 3253 1315 3288 uuo

192 3321 319 3391 scriptore
333 3319 470 3374 coniuncto
487 3318 616 3381 invenias,
631 3314 742 3368 eruditio
757 3314 808 3367 late
823 3323 920 3384 patens,
933 3331 1066 3368 summum
1081 3313 1182 3386 ingenii
1195 3333 1315 3382 acumen,

192 3417 288 3472 magua
300 3400 326 3453 in
339 3397 547 3470 argumentando
557 3396 606 3462 vis,
620 3395 754 3467 mirusque
768 3393 888 3448 dictionis
900 3396 979 3450 nitor.
991 3392 1181 3450 celeberrimus
1197 3393 1240 3450 W
1237 3397 1317 3452 iniret-

193 3481 336 3534 mountain
349 3499 427 3552 opere
435 3497 483 3532 suo
497 3477 531 3531 de
544 3486 599 3531 arte
607 3475 753 3548 pulchriore
763 3484 954 3531 commentatus
967 3485 1020 3529 erat
1028 3474 1061 3529 de
1070 3477 1223 3548 Borghesio,
1236 3495 1315 3549 quem

191 3559 274 3632 vulgo
287 3562 434 3630 perhibent,
446 3561 599 3632 gladiatore.
613 3561 701 3612 Statua
710 3557 754 3613 illa
766 3557 894 3629 praeclara
906 3557 996 3612 multis
1006 3561 1035 3611 in
1045 3557 1116 3612 libris
1130 3561 1182 3612 aeri
1190 3557 1314 3626 insculpta

190 3639 309 3696 habetru.
329 3642 491 3713 Conspicitur
508 3641 589 3694 etiarn
613 3641 716 3708 egregia
736 3641 789 3692 eius
810 3640 907 3709 effigies
925 3655 1021 3710 gypsea
1037 3647 1124 3691 nostra
1141 3639 1170 3690 ln
1187 3637 1268 3702 urbe,
1285 3639 1313 3690 in

191 3739 248 3778 arce
265 3723 528 3794 Charlottoburgensi.
541 3721 651 3790 Negavit
663 3717 889 3780 winkelmannus,
904 3723 958 3771 esse
970 3717 1147 3788 gladiatorem,
1162 3727 1215 3781 aut,
1226 3727 1257 3770 ut
1268 3717 1315 3771 alii

193 3804 298 3871 volunt,
310 3805 469 3872 dissolutum,
483 3800 592 3856 credidit
602 3815 655 3852 esse
666 3795 793 3862 militem,
807 3800 853 3869 qui
863 3799 957 3852 virtute
965 3815 1020 3862 sua,
1030 3805 1159 3868 statuque,
1170 3815 1222 3868 qrso
1233 3797 1313 3852 hostis

192 3887 322 3958 impetum
334 3887 445 3956 excepit,
453 3893 562 3938 statuam
574 3877 709 3936 merustit.
720 3878 864 3947 Lessingtsss
872 3885 982 3930 statuam
995 3875 1079 3943 illam,
1089 3895 1240 3949 comparans
1250 3896 1311 3932 cum

191 3967 300 4040 Nepotis
312 3967 496 4040 descriptione,
514 3981 591 4036 quam
613 3977 688 4032 supra
705 3957 795 4023 attuli,
821 3957 918 4012 iudicat
944 3969 1136 4030 repraesentare
1165 3959 1310 4017 Chabriam.

190 4051 283 4106 Vnum
299 4051 399 4106 obstare
417 4050 529 4106 videtur.
542 4047 648 4100 Sursum
662 4049 732 4094 tenet
743 4038 820 4094 miles
837 4037 883 4093 ille
897 4049 1009 4106 scutum
1027 4059 1108 4113 quum
1129 4041 1238 4114 Nepotis
1260 4043 1308 4098 de·

191 4135 298 4206 scriptio
310 4134 411 4190 habeatt
423 4132 527 4186 Obniso
540 4147 608 4201 genu
622 4132 704 4186 scuto,
717 4125 879 4195 proiectaque
896 4123 976 4180 basta.
987 4123 1039 4179 Sed
1051 4125 1092 4178 vir
1101 4123 1264 4180 doctissimus
1275 4127 1311 4180 its

191 4211 433 4284 interpungendum
446 4211 539 4267 credits
550 4208 654 4263 Obnixo
667 4222 747 4278 geno,
761 4213 844 4268 scuto,
856 4205 1020 4279 proiectaque
1033 4204 1114 4260 hasta.
1131 4207 1224 4278 Attigit
1236 4223 1309 4259 earn·

193 4291 255 4346 dens
271 4311 329 4347 rem
343 4296 372 4349 in
383 4293 437 4349 alio
453 4292 531 4356 libro,
544 4292 589 4362 qui
605 4286 761 4347 inscribitur:
774 4287 970 4357 Antiquars'sclse
991 4287 1091 4362 Bsiese.
1104 4288 1190 4343 Potest
1202 4287 1311 4360 utique,

193 4375 219 4448 ti
233 4376 283 4452 vis,
294 4376 474 4454 tutamento
483 4375 649 4448 tourtam
664 4369 758 4432 babere
770 4367 867 4452 lotam,
880 4369 934 4432 ded
954 4369 977 4429 si
991 4369 1020 4430 id
1046 4386 1106 4430 nau·
1126 4369 1218 4452 datar,
1239 4369 1310 4430 bend
