3398 5640
280 455 378 571 494

780 473 919 539 trinu

279 670 415 725 Rusticum
427 668 572 738 praedium,
587 665 737 738 cppuiilae
750 667 815 720 erab-
864 670 985 734 Snibse,
1011 672 1105 735 xvur,
1133 682 1156 734 t,
1177 670 1249 744 epod
1278 678 1426 734 Romano·

316 753 432 807 urbanae
449 763 475 807 et
491 754 650 817 maritimae,
666 752 750 819 XXV,
767 758 808 806 tt.

531 920 552 971 S

277 1084 412 1158 Sacrilegi,
424 1088 469 1157 qui
483 1086 641 1156 templomm
658 1087 814 1156 religionem

311 1170 422 1234 violant,
436 1173 520 1234 XVll,
536 1179 562 1224 t.

278 1268 462 1342 &crilegiurm
478 1268 511 1322 cle
524 1268 603 1322 aseris
624 1267 737 1334 violatis,
750 1270 813 1335 Vll,

313 1357 341 1408 6.

277 1453 347 1510 tatia
369 1453 444 1526 plus,
467 1474 549 1526 quam
571 1465 689 1527 sumptus
705 1453 814 1509 babebet

899 754 1137 827 mercenarii,spud
1146 757 1265 811 Graecos
1280 759 1422 823 honorati,

899 835 943 903 ib;
960 836 1175 902 inquitnrautem
1191 839 1285 909 Nepos
1298 841 1336 895 sle
1351 844 1422 896 eius·

900 919 974 973 modi
1001 921 1099 984 scribis,
1120 923 1165 990 qui
1183 921 1266 976 bodie
1285 910 1423 980 mii

899 1005 926 1056 in
945 1024 1094 1077 magnarum
1108 1015 1272 1078 potestatum
1298 1013 1423 1066 consiliis

898 1087 1033 1147 habentur.

864 1174 1015 1245 Scriptitare
1031 1193 1070 1226 res
1084 1178 1223 1241 lionranas,
1235 1175 1366 1232 scribere
1379 1179 1423 1233 bi·

897 1260 1004 1313 storiam
1022 1260 1108 1323 born„
1125 1259 1221 1328 fragm.
1233 1261 1283 1315 lll.

864 1343 978 1397 Scrutari
997 1342 1131 1412 aliquem,
1154 1352 1215 1396 ante
1241 1342 1425 1418 colloquium

897 1445 943 1491 sc..
961 1427 1032 1491 XIV,
1053 1434 1092 1479 tt.

311 1546 419 1604 tectum,
433 1539 521 1605 XXV,
537 1547 577 1605 tt,
589 1540 708 1612 plerique
722 1539 765 1592 bie
777 1557 816 1590 sa·
864 1509 979 1583 Scytala,
992 1510 1118 1574 milit»
1127 1509 1175 1574 W,
1190 1515 1219 1575 3,-
1231 1509 1425 1570 clandestinae

313 1622 367 1677 lem
381 1644 428 1696 pro
445 1628 534 1698 gratia,
548 1636 692 1690 venustate,
709 1636 763 1679 erte
775 1642 814 1676 ac·

312 1710 432 1779 cipiunt,-
450 1711 511 1765 satis
533 1712 594 1765 novi
619 1710 814 1766 translationem

311 1793 441 1858 vocabuli,
460 1812 509 1847 nec
526 1793 637 1849 libenter
655 1804 742 1848 tamen
755 1812 813 1846 cre·

311 1875 357 1939 do,
372 1877 502 1947 Nepotem
521 1882 556 1931 ita
576 1878 718 1949 scripsisse:
741 1875 814 1929 vide·

313 1967 356 2010 tur
371 1963 444 2012 enirn
460 1961 535 2024 mibi,
552 1963 638 2014 nescio
655 1981 708 2031 quo
726 1958 813 2024 modo,

311 2041 465 2095 inconcinne
482 2043 522 2096 bic
540 2044 663 2112 usurpari.
682 2040 766 2095 Boecl.

227 2212 229 2217 Ι
278 2137 379 2194 daltsrs
409 2141 564 2202 commode.
589 2141 615 2193 b.
639 2161 664 2195 e.
688 2139 814 2193 concinne

312 2233 422 2296 apteque
447 2227 481 2280 ed
510 2225 603 2280 modos
626 2243 656 2278 ac
672 2241 814 2292 numeros,

313 2309 399 2363 Praei.
419 2306 427 2323 ⁰

279 2406 387 2474 Seium,
416 2410 498 2464 altum
522 2412 611 2475 mare',
640 2411 771 2465 underum
788 2421 815 2464 et

312 2499 436 2549 donnum
451 2495 569 2566 plenum,
583 2498 616 2562 ll,
628 2500 653 2550 8.

279 2595 416 2661 Senctitas,
432 2596 576 2667 integritas,
591 2614 657 2668 quae
674 2595 814 2666 opponitur

312 2683 433 2735 avaritiae
444 2689 471 2735 et
479 2680 636 2745 crudelitati,
651 2681 699 2744 Vl,
712 2687 738 2732 tr
752 2678 813 2732 hinc

313 2775 414 2818 sanctae
431 2782 540 2827 manns,
558 2781 612 2817 non
632 2762 745 2831 pollutae
766 2780 810 2813 cs·

898 1595 1079 1648 litterae.Erat
1092 1602 1180 1646 sutem
1193 1593 1297 1665 scytale
1312 1595 1428 1670 lignum

897 1678 1048 1741 rotundum,
1066 1675 1221 1749 levigatum,
1246 1678 1427 1754 oblongum

898 1762 1025 1816 eiusmodi
1050 1760 1102 1816 rluo
1128 1760 1224 1815 bebere
1246 1761 1329 1818 soliti
1357 1781 1427 1821 sunt

899 1847 1026 1901 Laconesr
1045 1845 1171 1910 alterum,
1192 1844 1262 1915 quod
1285 1847 1341 1902 sibi
1361 1868 1427 1903 ser-

897 1940 991 1984 vetent
1005 1928 1115 2002 Ephori,
1129 1928 1250 1993 alterum,
1268 1930 1353 2002 quod
1367 1933 1425 1987 ina-

897 2013 1012 2082 peratori
1026 2009 1132 2063 dantur
1143 2009 1259 2063 abeunti.
1271 2011 1321 2066 llll
1334 2015 1425 2086 igitur

897 2095 1071 2168 quotieslbuic
1080 2093 1200 2148 mandere
1215 2094 1284 2165 quid
1298 2097 1423 2163 veilent,

897 2176 1074 2231 obvolvebant
1091 2177 1177 2230 lorum
1190 2174 1296 2242 album,
1315 2181 1347 2232 ln
1362 2201 1420 2236 eo-

898 2279 952 2334 que
969 2261 1133 2324 scribebant,
1155 2259 1226 2332 quod
1253 2264 1423 2322 revolutum

897 2345 1021 2418 deinceps
1046 2345 1179 2399 tabellario
1194 2345 1370 2403 tradebature
1388 2350 1421 2406 id

897 2431 948 2484 boc
964 2429 1073 2484 consilio
1085 2429 1173 2495 siebat,
1189 2446 1233 2488 ne.
1252 2435 1304 2501 qui
1319 2435 1420 2504 perie-

897 2515 979 2583 rebst,
998 2515 1084 2587 legere
1097 2517 1190 2587 scripta
1206 2527 1305 2586 posset,
1324 2521 1420 2590 impe.

896 2609 968 2652 rator
992 2611 1096 2665 autem,
1120 2598 1321 2668 circumplicato
1346 2605 1419 2657 cirea

897 2683 1023 2756 scytslsm
1042 2682 1117 2748 loro,
1138 2682 1300 2737 sententiam
1318 2689 1420 2760 scripti

896 2764 974 2819 facilc
989 2765 1173 2837 cognoscebat?

312 2849 416 2917 ptsndis
432 2859 460 2902 et
476 2847 637 2920 acceptandis
662 2845 813 2900 muneribus
863 2847 934 2903 Sella
960 2865 1055 2914 aurea,
1077 2847 1145 2900 inter
1175 2846 1288 2918 insignia
1321 2851 1416 2922 regis,

312 2931 519 3000 provincialium,
538 2932 607 3005 apud
627 2931 715 2985 Valee.
737 2929 815 2998 Mau,

278 3018 423 3165 cilina,
436 3103 529 3166 xxm,
544 3109 568 3157 r.

279 3184 409 3237 satellites
436 3187 509 3239 Medi
530 3195 556 3238 et
576 3185 711 3256 Aegyptii,
726 3185 771 3247 w,
787 3191 813 3237 3.-

897 2932 996 2994 xlm,
1008 2937 1034 2986 7.

861 3017 972 3070 Senatus
985 3016 1063 3070 datur
1080 3013 1179 3086 legatis,
1198 3015 1297 3075 mli,
1318 3021 1348 3068 7.·
1367 3018 1415 3072 ad·

897 3103 1038 3155 mittuntur
1060 3100 1092 3154 acl
1117 3110 1220 3155 senatus
1241 3101 1412 3156 audientiam

896 3183 984 3257 legati.

313 3272 481 3339 peregrinum
497 3270 546 3320 boc
559 3272 710 3322 satellitium
722 3271 815 3322 Prusa·
864 3274 1014 3331 Senescere,
1031 3268 1144 3337 metaph.
1163 3269 1196 3322 de
1219 3268 1334 3340 potentia
1353 3267 1406 3321 de·-

312 3354 372 3408 niae
381 3354 412 3407 ad
425 3355 556 3426 tyrannica
568 3354 682 3406 instituta
693 3355 816 3423 pertinet,

898 3363 1038 3414 crescente,
1052 3354 1114 3416 Vll,
1132 3361 1156 3406 5.

312 3439 384 3512 quoti
398 3437 533 3514 aliquoties
552 3436 630 3492 tradit
651 3439 681 3490 in
704 3436 814 3508 politicis
863 3436 971 3499 Sensus,
985 3434 1406 3507 eonsilium,propositun,X,8;

314 3525 478 3581 Aristoteles.

204 3613 207 3618 '
281 3610 409 3681 Satrapes,
426 3612 486 3673 vtt,
502 3614 544 3676 40,
558 3619 617 3664 etc:
631 3611 658 3664 bi
669 3617 739 3673 sunt,
750 3623 814 3677 quos

898 3521 1046 3591 ingenium,
1059 3520 1340 3592 propensio,studium,
1346 3522 1409 3586 vlt,

899 3606 925 3658 6.

316 3691 377 3746 alibi
389 3693 516 3766 principes
526 3696 729 3765 provinciarum,
740 3709 816 3763 prse-
863 3689 989 3760 Sepsrstis
998 3684 1409 3760 temporibus,repetitisricibns,

315 3777 409 3842 lectos,
433 3787 559 3848 praetores
583 3778 669 3832 vocari
697 3783 813 3843 constat,

899 3775 994 3833 ttvttt,
1013 3778 1053 3826 s0.

316 3869 421 3932 eratque
438 3879 515 3913 omne
529 3861 662 3914 Persarum
674 3860 815 3931 imperium
864 3859 1078 3928 Septemtriones,
1092 3858 1113 3919 1,
1130 3863 1154 3908 t.

316 3946 344 3999 in
356 3946 477 4016 satrapias
490 3944 612 3999 divisum.

283 4031 417 4085 scandulis
429 4035 509 4083 Roma
523 4048 570 4100 per
585 4048 665 4083 snnos
678 4032 729 4081 tro
747 4045 813 4081 con·

317 4124 391 4182 tecta,
404 4115 496 4186 fragm.
510 4115 546 4167 X.

282 4198 375 4263 Scene,
387 4218 434 4270 pro
448 4198 517 4251 ludis
531 4198 648 4264 scenicis,
664 4197 746 4250 Penei.

282 4283 409 4345 dolenter,
422 4285 504 4354 perita
513 4292 591 4355 atque
608 4302 640 4338 es
653 4291 709 4338 erte
724 4282 818 4337 Praei.-

864 3943 953 3995 Sertse
976 3941 1079 4005 loricae,
1093 3957 1123 3991 ex
1136 3937 1241 3990 annulis
1260 3939 1355 3993 terreis
1368 3941 1407 3995 in·

899 4038 939 4080 ter
952 4045 977 4079 se
992 4028 1064 4079 nexis
1081 4034 1221 4092 consertae,
1236 4028 1283 4089 Xl,
1301 4037 1325 4080 t.

867 4115 994 4173 sessores,
1009 4110 1120 4173 incolae,
1134 4112 1171 4174 V,
1185 4116 1211 4164 2.

866 4198 1017 4252 Sestertium
1031 4204 1135 4247 centum
1152 4194 1245 4259 millia,
1259 4199 1329 4250 2⁵00
1342 4196 1408 4251 Pbi-

900 4279 997 4350 llppici,
1009 4281 1094 4349 XXV,
1106 4282 1129 4330 8.
