3414 5796
581 483 801 550 utuurmu
1162 461 1260 592 ²93

138 713 226 786 nus,
243 692 285 768 iu
303 713 393 794 agro
419 681 582 766 Falerno
598 713 640 763 se
666 689 702 764 ei
721 685 870 768 obiecit.
890 689 962 768 Hie
978 687 1129 772 clausus
1147 691 1257 776 loco·

137 837 225 888 rum
243 807 436 910 angustiis,
454 821 572 882 noctu
591 807 672 882 sine
691 803 772 883 ullo
786 804 1013 886 detrimento
1022 811 1213 892 exercitus
1220 839 1261 892 se

136 927 340 1034 expedivit.
367 924 500 1019 Fabio,
514 921 758 1004 'callidissimo
776 929 1009 1035 imperatori,
1028 935 1043 982 ³
1062 930 1180 1007 verba
1193 929 1262 1011 de·

138 1049 211 1124 dit:
240 1067 417 1146 namque,
445 1041 610 1119 obducta
627 1059 753 1132 noete,
770 1045 787 1096 ⁴
804 1059 991 1121 sarmenta
1017 1045 1059 1119 in
1079 1045 1261 1128 cornibus

135 1168 383 1242 iuvencorum
409 1156 572 1263 deligata
590 1157 770 1252 incendit,
793 1162 955 1266 'eiusque
970 1165 1125 1266 generis
1151 1163 1254 1242 mul·

29 1258 34 1276 ⁸
137 1279 339 1358 titudinem
366 1299 539 1379 magnam
566 1272 787 1378 dispalatam
807 1278 979 1370 immisit3
1011 1303 1089 1382 quo
1116 1307 1258 1386 repen-

135 1401 218 1474 tino
249 1397 402 1472 obiectu
419 1393 511 1483 viso,
538 1407 685 1468 tantum
712 1407 898 1470 terrorem
916 1395 1047 1472 iniecit
1072 1401 1260 1478 exercitui

134 1517 407 1602 Romanorum,
426 1515 471 1586 ut
487 1506 616 1612 egredi
643 1514 750 1585 extra
771 1501 909 1588 vall'um
927 1536 1041 1588 nemo
1067 1513 1115 1590 sit
1133 1541 1257 1594 ausus.

133 1630 242 1704 Hanc
270 1641 356 1732 post
375 1652 455 1701 rem
482 1640 621 1726 gestam
642 1650 722 1701 non
739 1627 790 1702 ita
807 1623 937 1704 multis
956 1626 1100 1721 diebus,
1126 1629 1178 1706 Μ.
1187 1635 1257 1709 Mi·

134 1746 292 1822 nucium
311 1742 466 1835 Rufum,
486 1743 704 1847 magistrum
730 1746 913 1848 equitum,
938 1749 1088 1851 parius
1098 1746 1258 1828 dictatu·

133 1891 214 1940 rem
235 1866 250 1916 ⁵
269 1863 441 1967 imperio,
458 1858 548 1936 dolo
576 1858 807 1965 productum
826 1864 868 1936 in
885 1863 1085 1968 praelium,
1098 1864 1256 1972 fugavit.

135 1977 223 2055 Tib.
251 1978 517 2082 Sempronium
544 1971 777 2070 Gracchum,
804 1979 953 2075 iterum·
968 1977 1189 2077 consulem,
1214 1986 1258 2059 in

133 2096 298 2172 Lucanis
335 2091 468 2170 absens
490 2095 506 2144 ⁶
532 2095 573 2168 in
599 2093 752 2169 insidias
776 2094 977 2200 inductum
1015 2097 1176 2176 sustulit
1203 2101 1256 2178 M.

134 2209 337 2290 Claudium
363 2206 599 2301 Marcellum,
617 2210 820 2314 quinquies
834 2212 1042 2309 consulem,
1061 2213 1165 2320 apud
1182 2218 1256 2292 Va·

133 2330 281 2405 nusiam
307 2329 390 2430 pari
418 2326 531 2404 modo
559 2325 788 2404 interfecit.⁷
807 2332 983 2435 Longum
1009 2349 1066 2409 est
1091 2359 1251 2410 enume-

132 2473 218 2524 rare
239 2444 392 2552 praelia.
411 2446 538 2542 Quare
567 2446 641 2521 hoc
659 2472 779 2522 unum
806 2449 894 2524 satis
920 2450 994 2526 erit
1019 2449 1180 2548 dictum,
1206 2475 1255 2528 ex

129 2738 663 2814 eaaeappateat.1littatarveroaummua
714 2737 757 2796 ΔΙ.
782 2743 953 2794 mmmmm.
982 2742 1082 2806 noum,
1105 2751 1136 2796 ut
1158 2758 1252 2800 omues

129 2835 184 2882 erat
193 2825 348 2899 reipublicae
360 2825 524 2896 magistratus
536 2824 590 2877 aina
603 2841 663 2892 pro·
713 2822 827 2880 tradunt.

129 2911 380 2982 extraneitatis
395 2928 492 2982 magno
508 2907 662 2978 reipublicae
705 2902 707 2908 ’
747 2910 790 2978 (5)
813 2906 881 2962 Pati
901 2928 933 2962 aa
957 2908 1110 2964 difluerent
1134 2912 1252 2983 dapnis.

128 2996 254 3068 periculo,
269 3005 295 3050 et
314 3003 417 3050 tanturn
432 2993 571 3059 amatas,
586 3011 661 3047 crea-
714 2992 791 3059 Quod
816 3009 949 3062 nunquam
966 3002 1041 3048 antea
1063 2995 1159 3050 iactum
1186 3003 1252 3052 erat.

129 3080 212 3135 batur.
714 3075 782 3130 Vide
808 3075 902 3148 Polyb.
909 3115 920 3142 ,
944 3077 1069 3143 Livium,
1087 3087 1114 3132 et
1129 3077 1252 3134 aliua.-

163 3166 206 3233 (3)
223 3163 313 3230 Fatto,
325 3161 492 3223 callidissimo
508 3163 661 3232 imperaturi.
714 3161 880 3216 Prodicum.
894 3158 988 3228 idest,
1005 3159 1102 3217 fraude
1118 3163 1158 3228 iat¹
1172 3177 1249 3237 prae·

128 3245 300 3304 calliditatem
314 3245 441 3302 eiCicero
458 3247 538 3300 etiam
559 3245 663 3310 tribuit,
715 3243 782 3298 lium
807 3244 957 3301 adductum.
982 3245 1156 3302 Laborantem
1189 3264 1251 3306 veto

130 3332 176 3388 lib.
192 3333 250 3386 lde
266 3329 378 3396 Officiis,
390 3329 460 3404 quod
476 3329 600 3384 videlieet
619 3330 659 3383 sa·
714 3328 861 3384 Minucium
876 3329 991 3382 servavit
1007 3328 1115 3388 rabina.

129 3415 180 3470 tile
193 3414 296 3481 celaret,
309 3423 415 3481 taceret,
428 3411 610 3478 dissimularet,
621 3413 662 3467 iu·
747 3414 790 3482 (6)
802 3411 911 3468 Attea
923 3415 973 3467 Rea
985 3431 1034 3486 per
1050 3413 1189 3488 Magon·
1202 3432 1251 3487 ga.

130 3499 278 3566 sidiaretur,
291 3500 454 3568 hostiumque
464 3497 571 3552 eonsilia
587 3515 662 3570 prae·
713 3505 763 3560 ata,
775 3495 881 3551 absente
894 3497 1048 3562 Hannibale,
1064 3497 1096 3552 ad
1110 3517 1191 3572 quem
1203 3497 1250 3554 itte

130 3583 234 3654 riperet.
249 3585 383 3640 Euan—-
396 3582 427 3639 V
427 3583 486 3636 uta
505 3582 585 3638 dedit.
600 3582 661 3638 Pto·
713 3581 861 3636 exanimem
878 3580 1009 3636 euuaulem
1022 3581 1152 3652 extemplo
1168 3580 1248 3638 misit.

131 3665 238 3722 verbiali
245 3665 385 3732 mentione,
391 3667 540 3736 inritatque
549 3666 664 3736 strepuit
712 3664 788 3718 -Iu
804 3666 911 3720 iusidias
926 3667 1064 3722 inductam.
1076 3663 1179 3720 Fraude
1189 3662 1250 3718 Fla·

130 3749 349 3822 quemadmodum
360 3753 542 3822 iuterpretatur
561 3748 663 3805 Gellius
714 3750 754 3805 vii
777 3747 877 3802 Lucani
898 3747 1005 3820 hospitia
1028 3747 1250 3819 decantandis

131 3837 213 3902 xvtt,
230 3841 258 3901 2,
269 3835 315 3890 haa
327 3854 402 3893 νοω
420 3833 523 3891 Claudii
543 3832 659 3904 Quadri·
713 3833 820 3888 iusidias
831 3851 953 3906 praecepa
963 3833 1037 3890 datus
1044 3843 1094 3898 eat,
1107 3833 1249 3904 ubitamen

131 3921 201 3994 garitr
216 3923 375 3978 aCumiuiua
387 3940 438 3995 qua
451 3917 607 3983 mandent,
615 3916 663 3972 de·
712 3917 815 3974 fortiter
826 3935 945 3990 pugnam
958 3919 1045 3990 periit.
1060 3916 1130 3974 Vide
1142 3916 1249 3974 Livium

131 4005 238 4072 stendit,
251 4016 328 4080 atque
341 4005 426 4062 Gallis
442 4005 522 4060 verba
539 4002 642 4058 dedita
711 4003 796 4069 XXV,
814 4009 854 4060 tti-
870 4003 965 4058 &niet
977 4019 1037 4058 enm
1054 4002 1155 4058 nauta.

163 4093 205 4161 (t)
221 4091 340 4147 Obducta
356 4103 435 4148 naar.
449 4087 478 4144 ld
491 4099 538 4156 eat,
554 4087 663 4144 nebulo-
746 4090 790 4158 (7)
805 4087 946 4164 Intersaait.
967 4089 1007 4142 lle
1023 4105 1076 4160 qua
1096 4086 1185 4142 aare
1200 4085 1247 4142 tt·

133 4191 167 4242 aa,
179 4175 337 4232 obseura-
351 4175 492 4233 Sarmenta.
510 4173 592 4230 Arida
611 4173 664 4236 sciq
715 4170 800 4238 uum,
812 4169 934 4243 Appiam,
957 4167 1053 4225 Silium
1073 4166 1203 4236 halitum
1220 4185 1249 4222 ae

133 4256 201 4326 ticet,
216 4269 246 4317 ut
257 4259 328 4318 addit
339 4259 482 4320 Livian-
493 4259 666 4321 [meamea
714 4254 882 4314 Plutarchum
902 4255 931 4314 iu
950 4254 1002 4314 vita
1023 4253 1103 4330 ipalua
1121 4250 1250 4318 uamttt
