3660 5740
759 491 860 554 virt
1318 457 1373 552 13

256 694 465 782 iudicari.»
496 699 632 802 Operis
665 700 745 776 eius
771 697 938 804 genuina
962 695 1161 800 inscriptio
1190 707 1311 800 patet,
1331 721 1378 772 ex

255 820 400 900 ultimis
416 817 527 918 'hisce
553 816 800 924 praefationis
821 817 964 896 verbis:
991 814 1216 912 «Quaroad
1239 840 1381 920 propo-

257 941 371 1017 situm
388 937 594 1031 veniemus,
613 953 652 1013 et
671 937 712 1012 in
729 935 804 1012 hoc
825 929 1178 1038 exponemus'libro
1197 957 1302 1010 ursas
1321 958 1382 1020 aa·

235 1080 487 1154 ,cmcnnmvu
512 1079 818 1132 suceessorum.»
843 1057 1001 1130 Praeter
1019 1054 1264 1158 imperatores
1282 1075 1383 1128 seor-

258 1199 343 1252 sum
368 1197 541 1248 exarasse
567 1171 709 1247 librum
738 1169 786 1246 de
816 1167 1005 1274 Regibus,
1035 1183 1256 1268 argumento
1289 1168 1385 1242 haee

258 1305 385 1382 erunt,
404 1317 505 1396 quae
525 1290 772 1369 Timoleontis
791 1292 891 1366 vitae
912 1289 1060 1366 subdit:
1078 1321 1104 1356 cc
1114 1289 1163 1362 Hi
1180 1287 1262 1364 fere
1274 1285 1383 1362 fuere

258 1407 440 1484 Graeciae
452 1409 576 1510 gentis
592 1409 719 1497 duces,
738 1409 803 1509 qut
822 1409 1002 1483 memoria
1021 1407 1125 1509 digni
1142 1404 1385 1492 videbantur,

258 1541 415 1631 praeter
432 1528 573 1628 Reges:
592 1535 759 1631 namque
773 1553 837 1604 eos
856 1528 1043 1630 attingere
1057 1523 1264 1616 noluimus,
1278 1519 1386 1628 quod

259 1643 431 1721 omnium
448 1669 509 1718 res
527 1661 653 1748 gestae
669 1648 869 1752 separatim
889 1661 978 1722 sunt
995 1641 1150 1720 relatae.
1178 1644 1313 1744 Neque
1332 1656 1386 1715 ta-

260 1783 349 1836 men
374 1761 414 1835 hi
441 1759 645 1840 admodum
663 1780 753 1839 sunt
770 1762 921 1840 multi.»
947 1763 1107 1839 Externi
1124 1763 1386 1866 imperatores,
1423 1747 1427 1766 ⁸

260 1903 359 1982 quos
377 1870 580 1974 hab'emus,
599 1882 749 1958 Aemilii
777 1907 856 1958 esse
883 1879 999 1958 Probi
1019 1909 1041 1958 a
1068 1879 1194 1956 multis
1216 1877 1384 1954 eredun-

260 2010 335 2072 tur.
361 1998 436 2092 Qui
455 2025 566 2074 error
584 1999 672 2076 inde
690 2002 888 2106 provenit,
908 1999 1014 2102 quod
1039 1997 1197 2074 librario
1215 1994 1255 2070 id
1273 1994 1391 2070 fuerit

261 2137 426 2207 nomeu,
454 2118 521 2218 qui
551 2119 644 2193 vitas
673 2145 754 2209 eas,
783 2120 922 2223 partim
948 2143 1035 2209 sua,
1059 2119 1198 2222 partim
1216 2115 1333 2220 patris
1353 2125 1392 2186 et

265 2233 393 2308 matris
406 2259 522 2310 manu
541 2238 713 2340 scriptas,
735 2235 950 2315 Theodosio
965 2232 1115 2311 obtulit.
1129 2235 1211 2309 Hoc
1229 2234 1282 2306 ita
1300 2255 1391 2319 esse,

267 2349 474 2426 ostendunt
491 2353 689 2447 versiculi,
716 2356 784 2458 qui
802 2358 886 2432 vitis
904 2354 981 2431 istis
1009 2354 1201 2460 praemitti
1227 2353 1268 2426 in
1287 2347 1392 2425 MSS.

267 2463 403 2542 solent.
417 2470 471 2545 Ac
490 2497 563 2546 neo
575 2468 785 2562 Aemilium,
805 2499 877 2548 nec
892 2471 1148 2550 Theodosiani
1167 2472 1249 2546 aevi
1264 2492 1392 2567 quem·

267 2609 403 2686 quam,
433 2611 567 2662 eorum
594 2615 673 2664 esse
699 2586 887 2664 librorum
915 2605 1132 2679 auctorem,
1165 2581 1317 2660 abunde
1340 2607 1394 2656 ar·

267 2701 349 2802 gui:
376 2725 474 2811 pura
506 2721 546 2778 et
575 2707 743 2780 Romana
774 2705 905 2781 dictio.
942 2708 1131 2809 Opinetur
1158 2701 1321 2803 aliquis,
1350 2715 1394 2775 ut
1423 2771 1429 2786 ,

267 2816 418 2922 Trogus
436 2820 483 2894 ab
500 2822 661 2916 lustino,
676 2825 728 2899 ita
748 2823 796 2898 ab
816 2822 988 2914 Aemilio,
1002 2825 1069 2926 qui
1090 2819 1161 2898 snb
1180 2816 1395 2894 Theodosio

266 2933 381 3028 vixit,
406 2935 448 3010 in
477 2935 746 3040 compendium
771 2965 850 3016 esse
878 2936 1074 3014 redactum
1093 2935 1291 3041 Nepotem.
1319 2931 1396 3008 Sed

266 3047 374 3126 aliud
391 3050 525 3170 spadet
543 3056 672 3159 operis
691 3058 947 3151 concinnitas,
967 3073 1005 3132 et
1025 3054 1089 3132 illa
1108 3050 1310 3158 praefandi
1328 3077 1391 3124 ra·

265 3168 341 3266 tio,
367 3195 467 3272 quae
494 3189 551 3248 est
574 3173 616 3247 in
632 3173 919 3278 Epaminondae
941 3175 1037 3266 vita,
1067 3199 1111 3248 ac
1139 3175 1179 3248 in
1211 3167 1396 3274 Pelopida

266 3285 460 3386 inprimis,
485 3287 553 3363 ubi
582 3288 808 3368 brevitatem
827 3295 965 3368 iustam
982 3288 1201 3396 pollicetur.
1223 3290 1397 3364 Attamen

268 3406 458 3480 sententia
475 3405 583 3498 haec,
598 3405 691 3506 licet
711 3435 886 3503 erronea,
913 3413 1039 3486 minus
1058 3405 1220 3510 periculi
1240 3404 1397 3496 habeat,

269 3514 477 3597 dnmmodo
513 3537 621 3598 extra
654 3529 953 3606 controversiam
987 3541 1160 3618 maneat,
1197 3520 1401 3597 Aemilium

268 3638 398 3714 omnis
424 3635 473 3714 de
499 3641 708 3745 purissimis
727 3645 886 3751 Nepotis
904 3641 1075 3721 fontibus
1090 3643 1269 3719 hausisse.
1299 3637 1399 3714 Sane

270 3751 442 3831 Tulliani
468 3781 545 3834 esse
573 3761 654 3840 aevi
679 3763 926 3868 scriptorem,
952 3787 1080 3866 neque
1116 3759 1255 3850 alium,
1285 3779 1402 3862 quam

270 3867 472 3977 Nepotem,
494 3889 575 3950 tum
588 3893 764 3956 veterum
783 3879 934 3985 aliquot
959 3878 1147 3954 librorum
1172 3873 1316 3952 indicio
1336 3897 1403 3946 eo·

271 3996 487 4094 gnoscitur3
515 4013 596 4074 tum
622 4000 747 4095 etiam,
774 4000 883 4108 quod
902 3997 952 4074 ad
969 3999 1219 4102 Pomponium
1236 3995 1405 4070 Atticum

272 4110 412 4212 (cuius
427 4113 527 4192 idem
545 4134 678 4217 rogatu
695 4117 744 4196 de
757 4123 837 4196 vita
854 4118 1007 4196 Catonis
1021 4117 1161 4194 librum
1174 4112 1290 4214 fecit)
1304 4113 1404 4188 vitae

273 4223 368 4306 istae
386 4232 622 4344 scribantur:
640 4252 853 4342 utcumque
872 4235 916 4313 id
930 4240 973 4314 in
991 4250 1131 4342 qsmrto
1148 4227 1404 4310 Miscellaneo·

273 4369 361 4428 aum
385 4379 541 4436 suorum
557 4371 672 4461 neget
691 4357 949 4479 Hieronymus
968 4359 1130 4462 Magius,
1146 4355 1216 4460 qui
1230 4353 1312 4459 ipsa
1329 4348 1403 4430 Ne·
