3528 5780
473 497 568 636 348
906 517 1184 608 intonsum

465 749 609 825 Romae
626 759 818 849 regnante,
835 749 850 800 ³
867 745 940 821 iam
959 761 1051 822 tune
1069 747 1252 852 poematis
1278 745 1423 823 clarum
1451 761 1490 824 et
1517 773 1596 824 no·

468 862 597 940 bilem.
621 862 768 940 Gellius
794 862 921 956 XVII,
941 885 1002 948 at,
1029 865 1065 937 8.

520 983 573 1056 Μ.
591 979 757 1058 Manlius
781 983 933 1074 Romae,
955 981 1021 1082 qui
1048 975 1175 1055 Gallos
1202 981 1242 1054 in
1263 977 1459 1054 obsidione
1484 980 1598 1083 Capi-

469 1093 553 1172 tolii
578 1095 805 1201 obrepentes
825 1125 892 1198 per
924 1093 1043 1170 ardua
1069 1093 1290 1200 depulerat,
1311 1098 1504 1173 convictus
1532 1113 1599 1172 est

470 1213 669 1289 consilium
687 1213 736 1288 de
754 1233 872 1315 regno
898 1211 1125 1317 occupando
1153 1215 1291 1308 iniisse,
1312 1210 1598 1316 damnatusque

471 1331 669 1432 capitis,e
696 1354 784 1404 saxo
809 1331 988 1432 Tarpeio,
1015 1344 1058 1403 ut
1084 1327 1136 1402 M.
1162 1331 1288 1403 Varro
1317 1330 1382 1420 ait,
1408 1353 1597 1434 praeceps

471 1443 582 1520 datus
614 1461 690 1536 est3
718 1462 761 1520 ut
777 1444 976 1521 Cornelius
1002 1460 1126 1520 autem
1147 1444 1270 1546 Nepos
1291 1445 1474 1548 scriptum
1499 1443 1596 1518 reli-

471 1565 569 1666 quit,
584 1560 819 1638 verberando
839 1579 994 1634 necatus
1008 1573 1077 1633 est.
1105 1553 1262 1651 Gellius,
1284 1560 1372 1634 ibid.
1398 1589 1435 1634 n.
1464 1565 1524 1648 24.

520 1677 734 1754 Alexander
759 1681 920 1780 Magnus
944 1672 1071 1750 Pellae
1088 1677 1233 1762 oritur,
1259 1679 1276 1726 ⁴
1300 1690 1344 1749 ut
1360 1677 1484 1778 Nepos
1501 1675 1592 1750 edi-

470 1794 539 1888 dit,
549 1799 600 1874 M.
611 1794 726 1868 Fabio
745 1793 938 1881 Ambusto,
951 1793 1040 1868 Tito
1050 1791 1226 1885 Quinctio
1242 1789 1455 1896 Capitolino
1474 1793 1599 1884 Coss,

469 1918 557 2014 post
581 1911 737 1986 Romam
762 1908 949 1983 conditam
961 1935 1062 1986 anno
1076 1911 1340 1986 trecentesimo
1358 1909 1596 2012 octogesimo

470 2029 617 2132 quinto.
638 2018 754 2102 Solinss
773 2023 960 2128 Polylist.
985 2052 1018 2100 c.
1044 2025 1127 2100 XL.

519 2145 561 2218 P.
587 2143 816 2218 Terentius⁵
833 2143 992 2216 maxime
1017 2139 1255 2217 familiariter
1272 2141 1370 2219 vixit
1396 2167 1482 2218 oum
1501 2143 1593 2218 Sci·

467 2261 586 2366 pione
604 2255 794 2370 Africano,
817 2276 855 2334 et
875 2255 919 2337 C.
937 2256 1080 2351 Laelio,
1092 2275 1176 2350 eto,
1193 2262 1365 2362 quamvis
1392 2261 1598 2337 Cornelius

360 2459 363 2466 ,
469 2379 596 2481 Nepos
615 2373 792 2484 aequales
817 2373 933 2453 fuisse
962 2374 1090 2452 tradit.
1120 2379 1323 2468 Donatus,
1347 2377 1386 2452 in
1411 2383 1491 2456 vita
1522 2377 1596 2454 Te-

471 2494 600 2572 santii.

505 2728 550 2794 (3)
567 2723 645 2778 Tullo
662 2722 774 2778 Hostilio
789 2723 884 2778 Romae
900 2741 1006 2796 regnan·
1056 2721 1100 2776 bio
1113 2719 1190 2794 vulgo
1203 2729 1316 2786 notatur,
1332 2717 1398 2774 nulli
1409 2723 1514 2776 merant
1526 2740 1598 2776 eon·

470 2824 505 2866 ee.
519 2811 589 2879 Ergo
601 2826 670 2864 enno
687 2810 721 2862 V.
734 2810 765 2864 C.
783 2813 894 2862 tutte.
914 2809 1005 2862 Gieero
1056 2803 1135 2868 edes,
1153 2801 1197 2858 aed
1216 2803 1315 2860 tritium
1335 2803 1598 2859 militumeooaulari

471 2903 557 2948 autem
572 2889 768 2958 Archilochum,
783 2895 1006 2963 regnantellome·
1055 2896 1187 2960 potestate.
1204 2889 1284 2944 Error
1307 2887 1409 2942 videtur
1431 2907 1486 2942 esee
1507 2887 1598 2944 sotini

470 2975 507 3046 lo,
520 2977 611 3030 vixisse
621 2972 897 3029 refert-Poematis.
909 2975 1005 3028 Forma
1055 2969 1123 3026 mele
1139 2970 1316 3025 describentis.
1337 2970 1482 3025 Alexander
1504 2981 1598 3028 autem

467 3060 499 3114 in
514 3059 555 3114 irie
571 3057 719 3113 nominibus
732 3075 786 3112 noe
803 3057 966 3130 infrequens,
975 3069 1006 3111 nt
1056 3056 1136 3128 vulgo
1147 3073 1216 3110 enno
1231 3055 1293 3108 orb.
1303 3053 1380 3109 eood.
1390 3061 1441 3112 ³98
1452 3063 1528 3110 natan
1535 3075 1597 3112 cre·

470 3146 670 3214 epigrammatis,
688 3142 830 3206 nimmia,
849 3159 895 3211 pro
911 3145 1004 3197 termi-
1055 3140 1137 3195 ditur.
1152 3143 1296 3195 Tumor.

471 3231 576 3282 natione
588 3226 617 3280 in
633 3225 695 3278 itm.
712 3229 776 3282 Tae.
1090 3226 1133 3294 (⁵)
1149 3223 1288 3280 Terentius.
1300 3224 1466 3278 Comioonrm
1482 3223 1595 3280 Latino·

505 3313 548 3379 (4)
563 3309 655 3364 Pellae
671 3313 761 3363 oritur.
785 3309 853 3363 Hine
875 3306 1006 3366 Iuvenalis
1055 3325 1115 3360 rum
1133 3307 1266 3382 princepe,
1288 3309 1393 3362 natione
1415 3310 1492 3374 Ater,
1509 3311 1598 3378 patrie

469 3393 509 3460 X,
525 3397 585 3447 t68:
1055 3389 1286 3464 Cartbagioieneie.
1297 3390 1366 3444 Vide
1382 3391 1439 3444 Cio.
1450 3391 1478 3444 in
1492 3389 1599 3457 Laelio,

466 3529 581 3588 a
601 3527 713 3584 aa
737 3533 818 3584 o·
839 3547 891 3582 »ω
912 3527 1006 3600 aa
1056 3473 1598 3631 Actutum,

466 3645 469 3656 '
932 3631 962 3666 θ’
980 3615 1005 3667 ⁸·
1057 3651 1168 3716 utroque
1191 3645 1275 3698 maier
1290 3654 1362 3720 ¹natu
1385 3645 1595 3700 referamne

470 3758 505 3788 ···,
518 3727 598 3783 Anno
611 3731 793 3793 trecentesimo,
807 3736 854 3782 ete„
869 3727 906 3780 At
918 3745 1009 3782 eonsu-
1057 3727 1145 3800 igitur,
1161 3745 1222 3782 eum
1239 3729 1306 3782 vitae
1327 3727 1446 3782 Terentii
1467 3735 1599 3792 auctore,

472 3809 511 3864 lea
525 3809 564 3866 illi
580 3810 685 3866 luerunt
695 3811 729 3866 A.
746 3811 778 3865 V.
794 3815 855 3876 4⁰3,
868 3813 959 3866 Coton.
967 3811 1007 3865 Cf.
1058 3812 1092 3866 de
1109 3812 1202 3868 eodem
1225 3811 1368 3870 nativitetie
1389 3831 1458 3868 enne
1477 3811 1598 3868 strictius

470 3894 575 3950 Livium
590 3897 650 3962 vll,
676 3899 785 3952 ⁴8.1aro
804 3893 852 3950 illo
865 3913 944 3963 enno,
961 3893 1008 3970 qui
1056 3895 1195 3970 intelligo.
