3528 5780
550 491 648 616 408
1011 519 1229 588 nxovrsvs

548 721 1275 795 mammetsitmtoremrmteumtttee,
1292 727 1319 776 et
1337 721 1672 794 promaeetreteeesed

547 827 622 864 rarae
637 807 713 862 MSS.
726 807 812 862 Oron.
824 815 851 860 et
863 808 939 860 Voss.
954 805 988 859 A.
1001 806 1030 859 B.
1043 805 1149 860 Stratos
1168 803 1251 875 placet
1269 804 1379 872 Cierieo,
1393 804 1459 859 Bihl.
1471 807 1538 860 Aac.
1552 813 1579 860 et
1594 805 1670 862 hini.

548 895 628 946 Torn-
640 892 676 956 V,
687 908 714 962 p.
728 895 754 944 l.
768 888 854 943 Verbs
864 888 910 942 hoe
920 888 1024 942 oonaih'o
1035 885 1180 960 parenthesi
1193 905 1248 942 esse
1262 886 1421 942 excludenda
1433 896 1459 940 et
1472 885 1504 940 sd
1517 887 1670 958 prseoedens

546 973 669 1046 praelium
682 975 853 1026 eommisormt
866 969 1012 1033 reserenda,
1025 969 1101 1024 docet
1114 969 1207 1023 Schefl'.
1225 971 1274 1040 Ep.
1291 976 1316 1024 5.
1328 968 1361 1023 ad
1375 969 1431 1024 Nic.
1440 967 1586 1034 Heinsiurn,
1599 970 1669 1040 quod

548 1054 676 1126 probatur
692 1053 718 1106 in
736 1054 782 1124 Ep.
792 1058 818 1106 6.
831 1052 863 1106 sb
877 1049 1048 1106 lisiardus.
1062 1050 1239 1106 Vehementer
1254 1051 1353 1116 ruitur,
1371 1051 1506 1124 monsedo
1529 1051 1592 1104 viris
1604 1050 1668 1120 qui-

548 1139 660 1193 huedans
677 1135 759 1192 doctis
772 1135 873 1208 plaeere
890 1133 1011 1206 potuerit,
1029 1133 1115 1188 locum
1130 1134 1166 1186 ite
1179 1132 1346 1204 distinguere,
1357 1141 1387 1186 ut
1403 1131 1493 1197 verba,
1504 1134 1670 1204 τιαττρισστό.

550 1241 587 1276 m.
599 1222 618 1274 l.
631 1240 655 1276 e.
666 1231 772 1286 stratae,
786 1219 815 1272 in
832 1215 977 1290 parenthesi
994 1216 1075 1288 posita
1094 1213 1243 1268 habeantur.
1262 1214 1296 1268 Ni
1308 1214 1399 1268 omnia
1417 1229 1463 1267 me
1479 1213 1581 1282 fallunt,
1592 1215 1670 1270 seria

548 1301 605 1366 illa,
621 1321 770 1375 rumque...
780 1299 974 1368 ‚cimmerium
986 1298 1058 1371 quod
1072 1295 1155 1351 etalii
1167 1295 1298 1360 viderunt,
1311 1295 1428 1368 pluribus
1442 1305 1580 1369 aperiunt,
1593 1317 1671 1368 qnae.

550 1402 611 1440 narn
626 1383 672 1438 illa
688 1383 766 1438 inerit
783 1401 851 1438 noae
867 1400 917 1446 are,
936 1400 985 1452 qna
998 1381 1080 1434 selem
1091 1372 1244 1434 'inremotam
1261 1381 1359 1434 Διιτῑοτ
1377 1377 1486 1434 dixerat.
1503 1377 1606 1434 Stretm
1621 1399 1671 1434 ae-

551 1457 606 1521 tem
619 1466 698 1532 malo,
712 1484 859 1538 quanquam
872 1483 948 1520 rarae
961 1463 1040 1518 etiarn
1054 1465 1082 1518 in
1101 1464 1183 1517 Aren.
1205 1460 1263 1515 eod.
1282 1460 1386 1533 legitur.
1403 1461 1521 1516 Moaelre.
1537 1461 1588 1514 Ga.
1605 1482 1672 1516 mee

547 1553 631 1620 pertis
643 1565 748 1602 summe.
762 1547 817 1602 Vlt.
829 1566 896 1602 ττσσσ
917 1549 1001 1616 portia
1020 1563 1126 1598 semma.
1143 1546 1174 1597 in
1195 1541 1287 1598 iisdem
1300 1561 1375 1598 rame
1392 1541 1507 1614 legitur,
1523 1540 1569 1598 sed
1581 1556 1674 1599 etr-oen

550 1649 612 1686 eum
624 1629 742 1684 hiosehio
755 1628 867 1701 eliisque
880 1625 1078 1700 praeterendum
1092 1633 1138 1680 est.
1154 1626 1187 1678 G.
1201 1623 1238 1679 Η.
1251 1613 1364 1680 Bardili.
1532 1633 1534 1638 ’

584 1789 728 1844 hirerrtnes
747 1791 820 1856 vni,
848 1809 873 1860 p.
899 1793 941 1844 6⁹.
961 1787 1036 1842 Miro
1049 1790 1164 1842 comitas.
1182 1784 1294 1856 Quidam
1306 1782 1382 1839 codd.
1398 1789 1574 1840 commitere
1595 1803 1676 1858 quani

553 1868 693 1926 lectionem
708 1875 812 1942 copiose
824 1870 942 1926 defendit
955 1879 1031 1941 atque
1047 1869 1158 1924 illustret
1173 1870 1263 1922 Rosius
1274 1867 1306 1922 ad
1326 1868 1353 1920 h.
1372 1867 1391 1920 l.
1408 1878 1467 1921 tnni
1480 1868 1609 1935 Clericus,
1626 1879 1674 1924 art.

553 1951 610 2002 crit.
629 1951 711 2004 1³.111.
728 1954 825 2016 secti,
840 1969 863 2004 e.
881 1959 907 2014 ⁷,
932 1949 981 2006 lia.
1001 1954 1119 2016 Gruner,
1140 1950 1171 2003 it.
1188 1946 1309 2020 verheyk
1329 1945 1395 2020 (qui
1410 1945 1546 2016 dissentit)
1568 1960 1596 2003 et
1613 1952 1677 2004 Tes-

553 2027 588 2084 ad
603 2031 708 2098 Eutrop.
722 2029 793 2092 vlu,
807 2033 833 2094 2,
846 2029 869 2082 5.
893 2030 964 2086 Otho
986 2029 1018 2082 ad
1034 2029 1135 2084 Gitanii
1146 2029 1212 2084 obes.
1226 2030 1258 2081 L.
1272 2029 1302 2081 1..
1315 2043 1374 2098 pag.
1394 2032 1436 2083 77.
1457 2027 1569 2083 Cooaitar
1584 2038 1678 2084 tamen

553 2117 625 2164 recte
641 2127 669 2162 se
686 2107 790 2173 habere,
802 2108 896 2163 docent
907 2111 1014 2176 ilarius,
1028 2109 1159 2166 Gebhard.
1172 2118 1199 2163 et
1211 2107 1355 2181 Heusinger
1367 2106 1400 2160 ad
1414 2107 1441 2160 h.
1459 2107 1679 2180 l.quoeuni‚quir

553 2191 758 2246 summitatem
778 2195 806 2244 irs
819 2192 906 2262 aliquio
930 2209 1001 2254 esee,
1019 2209 1126 2260 usquam
1145 2189 1249 2255 dixerit,
1272 2189 1366 2244 neseio.
1383 2189 1470 2260 Atque
1482 2189 1625 2244 mnarum
1637 2202 1677 2246 est

554 2269 638 2326 veluti
655 2289 746 2342 genus,
762 2289 813 2341 qua
827 2273 938 2328 virtutae
953 2272 1066 2343 praediti
1079 2289 1200 2342 seseque
1213 2288 1242 2324 ee
1254 2269 1366 2342 reliquos
1378 2287 1432 2324 esse
1444 2269 1563 2324 homines
1575 2281 1677 2342 putant,

553 2361 582 2407 et
592 2353 733 2409 Ιιναιασίισν
748 2361 810 2407 tuae
826 2354 967 2426 opponitur
980 2353 1066 2425 ὕὸρτι,
1083 2352 1250 2424 petulantiae.
1261 2351 1370 2406 aliorum
1382 2353 1581 2422 contemptioni,
1595 2354 1673 2426 inge·

541 2432 600 2488 -τιῐσ
612 2433 735 2506 superbos
746 2437 852 2488 remites
865 2453 928 2488 vero
941 2443 980 2488 est
991 2435 1097 2506 speeies,
1112 2444 1138 2489 et
1147 2442 1274 2506 spectatur
1287 2434 1374 2489 serbis
1386 2443 1412 2488 et
1425 2451 1530 2500 monim
1543 2433 1675 2508 facilitate3

555 2516 639 2571 comis
655 2517 735 2571 etiam
748 2514 858 2572 affabilis
874 2525 912 2571 est
929 2524 956 2570 et
971 2517 1127 2572 eommunis.
1145 2516 1251 2571 Atticus
1267 2524 1355 2570 umen
1375 2515 1468 2570 dieitur
1492 2517 1561 2570 inira
1574 2517 1604 2571 iu
1616 2518 1677 2574 eius

555 2602 609 2654 vite
625 2617 682 2672 cap.
698 2607 725 2664 3,
744 2598 978 2668 t‚eomoee1ir(h.
998 2616 1023 2654 e.
1043 2616 1157 2668 aequos,
1177 2595 1315 2662 humanus,
1333 2595 1457 2666 lelandus)
1479 2599 1585 2670 iofimr'a,
1597 2617 1677 2657 more

554 2681 725 2749 Graecorum,
742 2680 812 2753 apud
833 2699 898 2752 quoa
910 2699 961 2734 vox
980 2679 1069 2741 Kissie
1085 2676 1207 2732 eamdem
1220 2695 1323 2751 quoque
1349 2677 1426 2732 hebet
1448 2679 1679 2750 significationem.

554 2763 599 2816 Sic
613 2761 744 2818 Demeatle
757 2772 820 2816 oret
838 2763 872 2816 de
880 2765 991 2830 Corone,
1014 2779 1041 2830 p.
1056 2765 1106 2816 529
1118 2777 1191 2816 meae
1213 2759 1275 2814 edit.
1297 2759 1462 2831 timeare.
1476 2761 1632 2828 chatet-V,
1651 2770 1678 2822 2.

554 2843 630 2898 Adde
640 2843 748 2902 Fischer.
759 2845 788 2898 in
805 2841 859 2898 ind.
871 2842 904 2898 ad
918 2842 1086 2914 Theophr.v.
1101 2843 1199 2906 Κσινός.
1216 2843 1312 2896 &ntra
1328 2844 1357 2898 iu
1370 2843 1424 2898 vite
1434 2844 1528 2910 Attici,
1541 2863 1566 2900 c.
1584 2853 1629 2914 ts,
1648 2855 1676 2916 t,

556 2933 608 2982 eius
621 2930 732 2997 (Attici)
744 2931 853 2983 comitae
870 2946 921 2980 noe
932 2933 987 2982 sires
997 2930 1127 2980 anteritate
1140 2937 1202 2978 eret.
1209 2927 1316 2998 Saepius
1329 2935 1416 2982 autem
1426 2929 1621 2986 confunduntur
1633 2932 1678 2988 ille

555 3028 626 3064 uoce.
644 3011 674 3064 t.
691 3011 791 3064 Stneer.
806 3010 834 3062 in
852 3007 896 3062 ed.
912 3009 975 3063 mai.
989 3007 1022 3062 ad
1035 3007 1060 3060 h.
1073 3007 1092 3060 l.
1103 3011 1133 3062 in
1154 3005 1270 3062 Terentii
1289 3011 1416 3063 Heauton.
1432 3012 1468 3076 V,
1487 3018 1513 3075 t,
1527 3018 1559 3066 ³9
1577 3013 1635 3084 (obi
1649 3035 1680 3069 τ.

555 3090 742 3157 werlahon).
758 3091 957 3161 Quemquamne
974 3091 1063 3144 animo
1080 3098 1134 3143 tem
1150 3093 1275 3144 commeari
1288 3088 1448 3162 (ahquoque
1461 3096 1542 3162 eomi)
1560 3105 1680 3160 esee,ant

555 3171 609 3225 leni
625 3174 713 3240 putas?
725 3179 775 3226 ete.
787 3171 905 3226 Harless.

588 3277 780 3330 Tneursrocnes
796 3277 831 3342 X,
848 3294 873 3347 p.
888 3282 930 3332 88.
940 3278 1024 3348 Quen
1040 3295 1077 3342 se,
1091 3297 1156 3350 quoe
1171 3283 1229 3351 regi
1240 3282 1272 3334 de
1294 3283 1402 3334 Greeeie
1417 3284 1576 3354 opprimenda
1584 3283 1678 3352 poili-

556 3358 618 3408 citus
630 3367 699 3420 easet,
711 3368 838 3426 proestare
849 3375 922 3427 posse
934 3358 1085 3428 desperaret.
1102 3357 1201 3414 Alledit
1215 3362 1299 3415 Cicer.
1311 3363 1345 3428 X,
1359 3362 1392 3415 sd
1406 3363 1488 3418 Attio:
1499 3359 1593 3423 dehlor
1605 3364 1683 3417 scri-

555 3445 617 3508 ptor
639 3435 706 3506 epud
732 3436 908 3504 Aristophanis
928 3437 1141 3508 Explanatoreens
1163 3440 1198 3494 Oi
1214 3439 1243 3496 di
1259 3443 1354 3515 poris,
1375 3443 1417 3500 ὅτι
1430 3441 1541 3505 meridie
1556 3439 1571 3496 α’
1589 3449 1684 3515 Θαμα-

556 3519 662 3585 ςστλῆε,
675 3517 714 3574 ὅτι
727 3519 781 3592 οὐχ
793 3513 844 3580 eice
858 3537 885 3573 τσ
899 3511 931 3576 ἦν
944 3517 1136 3596 διαπράξασθαι
1150 3527 1185 3594 τῷ
1199 3522 1309 3594 positi,
1322 3523 1389 3598 ἅττρ
1403 3525 1581 3600 ἐπηγγείλατο,
1592 3525 1684 3596 οὕτως

555 3601 599 3658 σ’πλ
615 3601 662 3660 τὴν
680 3605 725 3658 τσῦ
738 3601 849 3656 θανάτσν
862 3601 959 3678 αἴρτστν
975 3603 1138 3676 παρεγένετο.
1147 3605 1300 3661 Geirlrordue.
1314 3607 1465 3663 Plutarchus
1477 3618 1562 3663 tamen
1575 3619 1603 3664 et
1614 3610 1684 3666 aliae

555 3683 632 3738 huius
649 3685 688 3737 rei
703 3704 789 3740 cauus
809 3687 901 3754 affert3
924 3685 969 3754 qui
985 3685 1070 3739 videri
1090 3684 1118 3742 in
1134 3687 1308 3744 Themistocle
1325 3699 1420 3762 potest.
1436 3689 1532 3746 Berlin.
1553 3693 1629 3746 Voss.
1649 3697 1683 3750 Β.

556 3765 697 3828 obtineurie,
711 3765 788 3819 Diod.
802 3763 913 3830 Siculus,
929 3763 976 3818 lib.
989 3766 1036 3832 XI,
1049 3784 1106 3839 esp.
1115 3772 1158 3833 58,
1173 3768 1261 3834 refert,
1274 3779 1391 3823 auctores
1403 3771 1546 3826 nonnullos
1558 3771 1663 3826 tradere
1670 3815 1681 3840 ‚

554 3849 598 3903 ria
616 3847 715 3920 Ξίρξην
731 3849 925 3920 ἐπιθυμήσαντα
941 3848 1019 3904 πσὶλτν
1034 3850 1172 3921 ςραττῦτσν
1191 3850 1234 3906 τ’ττλ
1251 3853 1297 3911 τὴν
1315 3849 1438 3918 Ελλάδα,
1459 3853 1617 3930 παρακαλεῖν
1629 3857 1682 3910 τὸν

555 3931 717 4000 eapse-exiise
732 3935 875 4002 <pero-pais
892 3931 937 3986 iel
962 3934 1009 3985 τσῦ
1025 3932 1154 4003 ττσλλρσν,
1171 3931 1221 3987 ’τὸν
1234 3930 1265 3989 di
1280 3936 1493 4007 συγχωρήσαντα
1506 3937 1563 4006 mpl
1575 3935 1681 3990 codrus

554 4013 638 4076 ττὶςτις
654 4011 740 4068 λαθεῖν
756 4011 891 4088 ὶνὸρασνς,
905 4013 940 4083 pri
958 4014 1106 4084 ςρατσύστιν
1124 4014 1167 4068 irrl
1183 4015 1240 4078 τσὺς
1262 4015 1378 4078 Elium:
1399 4017 1460 4071 ἅντν
1479 4016 1685 4088 Θσμιςστλίσνς,
1744 4033 1749 4040 ·

554 4093 735 4165 ope-periisse:
746 4089 775 4148 di
787 4097 832 4148 τσῦ
847 4093 953 4170 ταύρου,
967 4096 1076 4149 καὶτῶν
1090 4091 1173 4172 ὅρκων
1186 4097 1339 4167 γενομένων,
1351 4097 1395 4152 ris
1408 4097 1567 4169 espretelle
1580 4097 1686 4154 κύλικα

554 4177 600 4228 τσῦ
618 4174 725 4246 αἵματος
737 4175 911 4248 πληρώσαντα
928 4175 1034 4240 ieonis,
1047 4177 1091 4230 eei
1115 4183 1285 4252 παραχρῆμα
1301 4178 1459 4240 ττλτντῆσαι.
1476 4181 1556 4234 Recte
1580 4182 1685 4234 acutis·

554 4255 634 4311 simus
647 4259 763 4312 [luterus
775 4258 807 4311 sd
822 4257 1006 4330 Thucydidem
1023 4259 1071 4317 lib.
1086 4261 1107 4328 l,
1126 4279 1149 4313 c.
1166 4267 1223 4332 ⁴³8,
1245 4261 1293 4317 lin.
1308 4267 1351 4328 87,
1368 4281 1399 4316 ex
1419 4261 1469 4318 hoc
1485 4261 1599 4318 Diodori
1623 4261 1688 4320 loeo

555 4334 661 4409 colligit,
673 4338 739 4394 nihil
753 4357 816 4402 esse,
834 4339 902 4395 unde
913 4339 1026 4414 intelligi
1041 4343 1130 4414 possit,
1149 4359 1275 4416 eumpse
1291 4363 1356 4400 uero
1368 4343 1486 4404 liahu'use
1498 4344 1537 4417 id,
1553 4345 1633 4418 quod
1651 4345 1688 4402 tle
