3398 5640
512 434 579 559 34
852 459 1317 535 ιιοπτιιυπωιιΙΑ

509 669 637 764 nudi,
653 665 782 775 quslis
805 670 853 747 dc
876 670 1010 747 Indiae
1039 665 1276 746 mirsbilibus
1299 661 1363 745 vel
1387 668 1640 747 commeanti

508 787 573 871 vel
595 791 801 867 commenti
832 787 925 867 olim
949 804 1038 867 suut
1061 788 1340 875 Onoesicritus',
1373 778 1639 888 Orthsgorss,

508 922 550 991 et
573 908 634 983 slii
650 932 780 987 serum
804 925 996 1011 gestarum
1019 904 1226 985 Alersndri
1250 905 1480 1007 scriptorem
1507 918 1641 981 umen

508 1026 612 1103 lssuc
625 1025 834 1133 Epistulam
848 1027 899 1103 sb
910 1025 1127 1105 Alexandro
1142 1026 1344 1130 scripum,
1359 1018 1423 1097 sel
1446 1049 1471 1098 s
1483 1022 1641 1131 Nsputs

509 1172 674 1241 sm,
699 1149 854 1225 minime
866 1148 957 1223 mihi
973 1146 1198 1254 persusdco.
1257 1176 1261 1183 ·

787 1381 922 1461 Pisces
948 1381 1113 1461 comesu
1136 1381 1346 1485 scriptores.

560 1616 699 1691 Petrus
732 1614 903 1693 Nunnius
937 1613 1199 1693 Alcmrrimus
1233 1611 1377 1689 librum
1402 1609 1638 1721 tinguimus!

509 1728 560 1807 «lc
593 1732 706 1809 cleris
739 1731 924 1811 Corneliis
958 1736 1109 1838 scripsit
1147 1730 1196 1804 sd
1219 1729 1439 1805 Cornelium
1464 1724 1634 1809 Muciu-

508 1849 733 1957 Delphium,
757 1876 925 1954 cumque
951 1877 1040 1928 suae
1056 1847 1276 1954 praeclarae
1293 1850 1449 1951 Nepotis
1466 1846 1633 1926 editioni

508 1967 669 2045 inscruit
693 1970 737 2045 A.
768 1968 960 2045 Schoitus.
994 1972 1041 2043 lu
1064 1966 1133 2041 illo
1158 1965 1260 2041 libro
1286 1975 1404 2070 caput
1435 1968 1471 2037 V
1498 1980 1557 2043 cst
1583 1964 1637 2041 sle

507 2080 690 2161 Corneliis
717 2085 977 2188 scriptoribus.
1001 2086 1101 2162 Sunt
1127 2092 1253 2159 cutem
1274 2100 1430 2187 pruQer
1447 2084 1637 2185 Nepotem

508 2214 682 2289 nostrum
709 2202 769 2277 hi:
795 2201 995 2278 Cornelius
1011 2199 1166 2293 Gallus,
1192 2209 1231 2276 et
1242 2198 1440 2275 Cornelius
1459 2202 1633 2294 Tscitm,

509 2314 709 2391 Cornelius
734 2314 872 2395 Calvus
896 2335 1049 2407 orator,
1080 2334 1120 2394 et
1144 2315 1346 2393 Cornelius
1371 2319 1556 2408 Severus,
1589 2340 1637 2392 sc

509 2429 709 2509 Cornelius
734 2435 905 2511 Licinius
931 2434 1089 2526 Calvus,
1116 2452 1260 2534 poetae.
1287 2434 1352 2509 His
1370 2432 1458 2509 addi
1475 2450 1638 2538 possunt

508 2571 589 2621 nou
615 2550 814 2653 pauciores
839 2546 927 2644 alii,
952 2569 997 2626 ut
1012 2548 1213 2627 Cornelius
1230 2548 1425 2640 Thuscus,
1452 2574 1568 2649 quem
1592 2550 1638 2623 in

509 2660 694 2742 suasoriis
733 2667 880 2745 deridet
919 2668 1085 2759 Scnccc3
1119 2663 1321 2742 Cornelius
1345 2664 1506 2770 Alpinus
1531 2662 1639 2771 opud

510 2776 657 2869 Horat,
676 2808 793 2883 quem
818 2812 910 2862 cum
935 2786 1046 2860 Gallo
1073 2784 1317 2861 confundunt
1334 2782 1524 2874 nonnulli;
1540 2784 1637 2859 Cor·

511 2891 636 2968 nulius
671 2898 927 3001 Capitolinus,
964 2900 1143 2975 laudatus
1178 2899 1373 2977 Trebellio
1406 2897 1568 2975 Pollioni
1596 2902 1639 2975 irs

513 3010 706 3104 Odenato3
725 3016 768 3088 L.
786 3012 986 3091 Cornelius
1004 3014 1110 3090 Sulla
1127 3015 1311 3106 dictator,
1339 3022 1497 3123 eiusque
1514 3013 1638 3093 liber·

513 3140 574 3203 tus
597 3128 798 3207 Cornelius
824 3131 1026 3232 Epicadus,
1053 3136 1120 3237 qui
1148 3133 1297 3228 librum,
1322 3163 1436 3241 quem
1455 3132 1505 3211 de
1524 3134 1638 3239 gestis

512 3245 589 3323 suis
622 3272 649 3350 p
710 3272 806 3323 onus
833 3252 1055 3352 scripserat,
1082 3250 1291 3357 supplevit,
1320 3270 1414 3330 teste
1424 3252 1639 3329 Suetonio·

512 3363 651 3442 Vides
708 3369 882 3443 Vossium
907 3367 954 3442 de
980 3369 1073 3444 nist.
1100 3367 1241 3462 latinis,
1261 3370 1365 3477 apud
1381 3398 1498 3476 quem
1516 3370 1636 3448 hebes

512 3480 629 3555 etium
661 3480 711 3556 dc
743 3458 923 3559 Cornelio
958 3484 1106 3560 Boccho
1132 3502 1170 3560 et
1204 3484 1381 3563 Cornelio
1406 3485 1637 3585 Valeriano,

513 3622 608 3701 quos
635 3596 772 3704 allegat
798 3599 955 3678 Plinius.
983 3603 1043 3675 Ex
1060 3601 1276 3678 Corneliani
1294 3603 1396 3679 libro
1414 3608 1637 3681 consmBe·

510 3715 682 3792 ronicem
699 3716 888 3796 nonnulla
908 3718 1017 3793 offert
1036 3716 1240 3808 Stobaeus,
1259 3748 1433 3797 sermone
1449 3723 1516 3799 IV.
1531 3723 1633 3798 Alios

512 3828 704 3907 Cornelios
737 3852 891 3939 praeter
916 3835 1106 3912 Nunnium
1132 3833 1266 3911 retulit
1289 3839 1343 3914 Io.
1372 3836 1633 3942 Glandorpius

512 3947 556 4023 in
581 3948 823 4026 Onomastico
848 3954 1039 4045 Romano,
1065 3959 1189 4053 etqui
1215 3954 1263 4031 de
1289 3954 1440 4033 fauriliis
1455 3957 1635 4033 Romanis

512 4066 748 4172 scripserunt
771 4066 957 4144 Antonius
976 4073 1228 4174 Augustinus,
1246 4075 1351 4150 Rich.
1379 4075 1576 4166 Streiuius,
1592 4082 1634 4151 ci

513 4178 589 4260 slii.
614 4184 717 4263 Adde
743 4185 791 4260 sis
832 4187 876 4262 Τ.
903 4187 1120 4266 Cornelium
1154 4192 1338 4297 Nepotem
1362 4195 1632 4290 architectum,

513 4300 625 4385 cuius
647 4304 934 4409 Mouugrmms
950 4330 1000 4385 ex
1013 4304 1155 4415 templo
1170 4310 1209 4393 S.
1224 4309 1356 4403 vitulis
1373 4313 1632 4395 &sennensis
