3660 5740
457 517 521 636 94
913 527 1132 596 antenore

454 743 590 850 aunt-i
608 739 717 834 Quae
734 739 858 816 omnis
871 739 1033 844 pecunia
1042 751 1195 843 postero
1204 739 1388 842 temperet
1406 734 1574 818 Athenas

454 853 636 938 usnslau
655 871 721 936 est.
739 857 810 932 Hic
824 883 899 957 qua
925 854 1044 930 fuerit
1067 853 1316 940 abstinentia,
1342 851 1488 930 nullum
1515 875 1572 934 est

454 971 797 1067 certiusiadieiam,
814 999 926 1074 qttntn
942 969 1060 1072 quod,
1078 997 1194 1072 quum
1210 971 1324 1046 tantis
1342 969 1454 1046 rebus
1466 1000 1575 1076 prae·

455 1091 600 1182 fuisset.
615 1092 657 1168 in
676 1107 780 1168 nuta
798 1077 1048 1195 propertate⁵
1067 1089 1239 1188 decessit,
1259 1104 1314 1178 ut,
1333 1091 1399 1192 qui
1423 1087 1577 1168 efferre·

455 1225 539 1300 tur,
564 1209 626 1290 vix
652 1203 865 1308 reliquerit.
884 1209 971 1299 Quo
1006 1193 1149 1282 fectum
1180 1222 1262 1296 est,
1288 1221 1332 1278 ut
1358 1201 1459 1280 filiae
1492 1210 1571 1282 eius

452 1322 607 1430 publice
625 1326 642 1376 ⁶
659 1321 873 1415 alerentur,
900 1321 1006 1398 etde
1029 1324 1222 1400 communi
1250 1321 1395 1396 aerario
1421 1319 1572 1398 dotibus

454 1442 552 1520 datis
584 1438 877 1544 collocarentur.
918 1443 1116 1518 Decessit⁷
1137 1458 1261 1518 autem
1289 1440 1368 1516 iere
1395 1458 1479 1543 post
1505 1467 1574 1516 en·

456 1585 547 1640 notn
573 1574 772 1662 quartum,
798 1587 910 1660 quarn
928 1559 1202 1638 Themistocles
1230 1558 1388 1646 Athenis
1413 1575 1495 1660 eret
1512 1585 1573 1634 ex·

457 1674 599 1779 pulsus.

491 1890 534 1959 (3)
546 1889 581 1943 nt
588 1893 655 1944 errim
667 1894 925 1944 comatuneaerart'unt
939 1910 991 1944 ease
1075 1893 1118 1960 (6)
1132 1889 1245 1945 Publice.
1263 1891 1373 1962 Sumplu
1391 1889 1505 1961 publico,
1523 1893 1575 1950 sci·

456 1973 594 2028 voluerunt.
604 1975 709 2043 Propter
721 1972 991 2046 templisanctitatetn.
1042 1975 1102 2029 lieet
1122 1995 1135 2030 a
1153 1975 1293 2046 Prytaneo,
1310 1974 1354 2028 uhi
1372 1973 1438 2028 bene
1463 1973 1495 2030 tle
1518 1993 1575 2046 rep.

428 2033 433 2060 Ι
456 2057 501 2110 Sit
518 2057 628 2118 llonttnl
650 2057 787 2126 pamniam
811 2055 939 2128 publicam
964 2057 992 2108 in
1042 2055 1576 2128 meritiaeorurnqueposterisvictirsoorn·

458 2139 558 2214 templo
574 2141 679 2196 Saturni
692 2151 719 2194 et
736 2141 805 2196 Pacis
818 2139 934 2196 solebant
950 2139 995 2192 ‹le-
1041 2141 1129 2196 munia
1153 2141 1269 2196 debetur.
1289 2140 1356 2194 vite
1383 2142 1492 2196 trenta
1521 2143 1575 2200 vita

456 2243 561 2296 ponera.
592 2225 660 2281 Vide
684 2226 807 2279 Serviunt
841 2224 872 2278 ad
898 2224 994 2298 Virgil.
1041 2224 1149 2292 xxvtr,
1161 2235 1187 2279 et
1207 2225 1361 2288 Meursinnt.
1376 2225 1455 2280 Attio.
1470 2229 1491 2288 1,
1508 2229 1573 2280 8.-

457 2309 554 2382 θεοῖς.
570 2309 603 2374 ΙΙ,
621 2311 678 2362 5⁰2.
1043 2309 1239 2364 &linamentum
1258 2311 1374 2378 Nuptunt
1385 2309 1514 2364 darentur.
1530 2311 1576 2362 Ci-

491 2395 536 2464 (s)
548 2392 819 2464 (hueunnispenotie
829 2405 992 2462 ponentem·
1041 2414 1102 2450 cero
1125 2393 1170 2450 tio.
1185 2397 1210 2448 ll
1223 2393 1256 2448 de
1269 2381 1377 2448 Olliciis:
1399 2395 1506 2462 eQuurn
1516 2411 1579 2450 eort-

454 2495 527 2548 pore.
540 2477 626 2546 Quum
640 2476 746 2528 tertium
758 2477 882 2532 Messenii
893 2476 992 2528 bellurn
1042 2475 1180 2542 coleretur,
1198 2486 1286 2530 utrum
1301 2475 1370 2530 hono
1384 2476 1442 2530 tiro
1459 2476 1578 2546 pauperi,

456 2571 614 2633 repararent,
625 2561 856 2617 Lacedaemoniiiu
868 2561 991 2615 auxilium
1042 2581 1073 2613 aa
1088 2560 1176 2614 minus
1194 2559 1300 2631 probatu
1317 2560 1393 2614 diviti
1409 2560 1488 2612 hliern
1502 2563 1578 2612 collo¹

459 2652 557 2704 aetiana
574 2649 745 2705 Athenienses
763 2651 989 2720 adhibuere5quo-
1042 2655 1140 2696 varchi
1162 2643 1254 2705 idem,
1277 2639 1495 2692 delssv²11fi000=
1524 2643 1578 2693 tl'·

455 2753 515 2793 rum
528 2753 610 2805 quum
618 2735 846 2806 fidammpectam
862 2735 993 2798 haberent,
1042 2730 1130 2796 Sclplo
1149 2724 1294 2778 Cornelium
1315 2725 1349 2778 T.
1364 2725 1482 2800 Grlctlttt
1497 2725 1578 2778 collo·

456 2836 657 2890 supervmngo,
682 2819 854 2887 amulung„
885 2817 993 2872 ,bello
1042 2817 1139 2876 corito
1157 2809 1235 2862 Vnde
1250 2807 1394 2871 collocatio,
1408 2817 1434 2864 el
1446 2807 1511 2880 apud
1532 2825 1580 2860 noa

456 2901 560 2956 eadem
574 2901 737 2958 dimiserunt,
754 2905 825 2956 flam
840 2921 896 2954 nm
910 2899 990 2954 Athe.
1044 2893 1237 2958 ltallissement,
1248 2891 1338 2948 eodem
1350 2909 1438 2958 settsut
1448 2891 1515 2944 clere
1526 2893 1579 2962 ipsa

456 2986 561 3040 nimae:
574 2987 686 3054 praviter
702 2985 823 3045 serentes,
839 2985 972 3052 pecuniam
981 3019 990 3044 ,
1043 2975 1103 3029 vide
1118 2977 1186 3029 Plul·

456 3083 523 3142 quae
540 3075 594 3120 erat
612 3066 639 3120 in
649 3063 806 3134 stipendium
820 3065 915 3117 Persici
930 3061 993 3114 belli

412 3187 416 3196 .
457 3148 489 3202 sb
508 3148 626 3202 uniuersa
643 3147 749 3200 Graecia
774 3143 876 3206 collata,
894 3161 908 3196 a
925 3141 992 3198 Delo
1075 3144 1117 3208 (t)
1142 3141 1264 3195 Decessit.
1289 3143 1329 3194 De
1347 3141 1439 3196 mortis
1466 3158 1578 3211 genere.

458 3232 572 3292 sueno
585 3229 750 3291 transferunt,
772 3247 817 3292 ne,
841 3226 988 3280 deficienti·
1042 3225 1111 3296 quod
1126 3229 1215 3288 sciant,
1229 3224 1296 3296 apud
1311 3235 1427 3280 auctores
1444 3223 1510 3278 nihil
1533 3243 1577 3278 ea·

456 3315 505 3370 hus
522 3335 536 3368 a
553 3314 605 3370 fita
618 3313 745 3367 societatis
763 3312 991 3374 Lacedaemoniis,
1044 3319 1089 3372 tat,
1104 3307 1153 3362 nisi
1164 3307 1248 3378 quud,
1258 3309 1386 3362 restitutus
1399 3308 1425 3362 in
1440 3308 1579 3380 pristinum

456 3397 568 3470 praedae
591 3415 620 3452 ae
643 3401 747 3477 rapinae
773 3407 873 3452 essent
901 3397 991 3448 lustin.
1041 3401 1294 3463 etatum,quaestu
1305 3393 1406 3446 luoetus
1416 3393 1520 3446 honeste
1534 3391 1580 3448 de·

456 3483 504 3550 lll,
524 3484 549 3536 ⁶.
847 3528 850 3536 ,
1041 3478 1153 3532 cesserit.
1167 3478 1344 3544 Qusutpbrent
1367 3497 1420 3532 uun
1438 3479 1499 3532 aatis
1515 3499 1578 3552 pus·

492 3567 535 3636 (5)
548 3567 582 3622 ln
594 3576 827 3636 ussupwpenne.
839 3564 901 3622 vti.
916 3563 993 3630 Plau
1041 3581 1098 3618 mm
1116 3563 1219 3628 mirari,
1243 3563 1310 3632 quod
1328 3563 1362 3616 de
1386 3564 1440 3616 eiua
1462 3574 1577 3616 naortea

457 3649 576 3704 Frurttin.
593 3650 676 3714 1V,³.
691 3656 716 3714 5,
731 3647 776 3702 uhi
790 3647 885 3700 similis
900 3665 992 3702 exent-
1041 3648 1152 3711 Seneca,
1168 3649 1244 3701 Coos.
1261 3649 1293 3700 ad
1308 3645 1441 3711 ilelrisna,
1462 3664 1516 3715 cap.
1536 3653 1578 3709 ts.

457 3731 499 3804 pla
516 3732 600 3788 hebet.
616 3735 645 3786 ln
658 3731 767 3786 dubium
783 3735 882 3786 vocavit
895 3732 991 3785 Aristi·
1043 3731 1169 3800 scriptum
1193 3741 1240 3786 est:
1254 3733 1397 3786 Durbatur
1413 3731 1521 3784 Athenis
1543 3729 1578 3782 ad

457 3813 497 3868 dis
522 3823 698 3886 paupertatem
723 3815 870 3868 Demetrius
897 3811 991 3868 Phale·
1041 3818 1187 3886 applicitam
1201 3817 1339 3880 Aristides,
1353 3813 1577 3884 etc.Serlquiaid

456 3919 525 3964 rsus,
543 3902 585 3954 eui
603 3899 741 3972 respondet
756 3897 821 3956 rtur.
832 3897 994 3970 -Effirra-
1042 3901 1161 3972 plerique
1173 3920 1265 3954 omnes
1278 3901 1401 3954 Phocioni
1419 3900 1575 3962 adscribunt.

457 3997 505 4039 tur.
518 3981 621 4038 Scilicet
634 4002 653 4045 e
671 3983 794 4039 domnail
812 4001 914 4054 rogum.
929 3987 993 4040 Ver·
1042 3985 1199 4057 μνημονικὸν
1214 3986 1352 4060 ἁμάρτημα
1366 3987 1394 4040 iu
1411 3987 1503 4041 Seuer.
1523 4004 1578 4038 esse

456 4067 518 4122 bunt
534 4068 559 4122 iu
573 4067 620 4124 hac
633 4087 661 4124 re
675 4069 799 4124 solentne.
812 4069 858 4126 Gr.
869 4070 979 4148 iaplpeur
987 4105 995 4136 ‚
1042 4071 1160 4126 arbitror.
1174 4076 1285 4127 lroroor..

457 4153 609 4226 integritus.
