3618 5776
373 3049 376 3055 ¹
472 3057 544 3121 xlv,
555 3065 597 3112 33.
607 3060 665 3112 ttisi
676 3060 746 3132 quod
759 3064 835 3116 tradit
849 3063 897 3118 boe
910 3067 1006 3120 sactum

471 499 563 608 144
879 504 1176 574 rnatsrarnvs

460 747 535 829 pro
552 715 726 794 libertate
752 711 1023 816 loquebantur,
1043 737 1155 813 qnam
1174 695 1406 817 pugbabant.
1424 711 1522 788 Hinc
1540 714 1588 790 in

461 821 678 915 Piraeeumt
702 833 861 923 transiit,
874 827 1198 934 Munychiamque
1216 832 1386 908 munivit.
1402 831 1510 904 Hane
1522 829 1587 906 bis

460 953 615 1057 tyranni
635 975 858 1054 oppugnare
879 954 968 1024 sunt
982 945 1118 1037 adorti,
1139 945 1186 1020 ab
1205 971 1324 1052 eaque
1339 949 1502 1052 turpiter
1521 973 1588 1022 re·

460 1069 584 1178 pulsi,
613 1067 788 1172 protinus
821 1067 861 1140 in
895 1063 1053 1157 urbem,
1080 1063 1193 1136 armis
1228 1063 1588 1169 impedimentisque

462 1188 615 1278 amissis,
643 1184 882 1286 refugerunt.
895 1185 993 1259 Usus
1010 1198 1066 1257 est
1083 1180 1345 1284 Thrasybulus
1364 1209 1442 1259 non
1459 1183 1590 1258 minus

463 1301 680 1410 prudentia,
696 1301 712 1352 ⁸
730 1327 844 1404 quam
862 1297 1098 1376 fortitudine.
1125 1299 1219 1375 Nam
1249 1298 1426 1375 cedentes
1452 1297 1591 1377 violari

465 1422 635 1500 vetuitr⁹
652 1420 751 1495 cives
769 1420 867 1493 enim
879 1417 1026 1494 civibus
1042 1443 1202 1521 parcere
1216 1417 1380 1522 aequum
1397 1415 1589 1492 censebat.

463 1541 601 1638 Neque
616 1535 818 1638 quisquam
836 1551 893 1612 est
910 1533 1143 1626 vulneratus,
1163 1535 1235 1610 nisi
1253 1536 1322 1637 qui
1342 1535 1448 1638 prior
1466 1536 1605 1636 impn-·

466 1680 584 1757 gnare
605 1655 637 1704 ⁴⁰
665 1650 797 1729 voluit.
823 1652 1015 1728 Neminem
1029 1655 1214 1728 iacentem
1230 1665 1331 1728 veste
1356 1649 1585 1756 spoliarit3¹⁴

466 1767 523 1844 nil
550 1769 685 1870 attigit,
705 1769 775 1842 nisi
795 1795 909 1858 arma,
928 1795 1094 1872 qaorum
1110 1767 1321 1870 indigebat,
1342 1783 1382 1842 et
1408 1793 1509 1869 quae
1539 1763 1591 1840 ad

467 1886 606 1962 victum
618 1884 873 1988 pertinebant.
888 1886 933 1962 In
948 1883 1116 1962 secundo
1130 1883 1276 1986 proelio
1292 1884 1428 1958 oeoidit
1438 1885 1587 1974 Critias,

468 2005 499 2055 ⁴²
510 2001 588 2078 dux
601 2017 863 2104 tyrannorum,
874 2027 995 2104 quum
1010 2000 1167 2104 quidem
1182 1999 1408 2080 exadversus
1421 2001 1591 2106 Thrasy-

467 2118 601 2196 bulum
621 2117 821 2198 fortissime
840 2135 1039 2226 pugnaret.

469 2353 558 2424 Carpit
574 2351 614 2405 sui
629 2350 752 2421 temporis
764 2349 893 2420 ignaviam
908 2351 936 2404 iu
949 2349 1005 2403 bel-
1056 2353 1120 2404 iuter
1135 2367 1191 2402 suos
1207 2349 1303 2418 darm,
1321 2351 1364 2421 qni
1383 2360 1470 2402 mutor
1482 2348 1593 2402 ntdeudr'

470 2433 503 2491 lie
527 2434 656 2489 civilibus.
680 2437 741 2488 Tus.
767 2463 799 2474 -
825 2433 926 2486 Fortius
946 2435 1005 2487 bosri
1053 2452 1101 2505 pro
1115 2435 1199 2504 putria
1209 2431 1275 2506 suit.

469 2537 518 2588 pro
530 2519 641 2572 libertate
654 2517 813 2588 loquebam-
824 2535 898 2588 quam
909 2535 1006 2588 pugua-
1081 2519 1135 2586 ·(9)
1152 2517 1273 2570 Cedentes
1293 2517 1388 2570 violari
1415 2521 1503 2570 uetuit.
1526 2519 1547 2572 l.
1565 2537 1589 2572 e.

469 2603 536 2656 baert.
550 2605 608 2658 Lis.
622 2603 718 2670 XXXI,
732 2608 782 2656 ll:
814 2601 1006 2688 uAthenienqet
1056 2602 1115 2655 Non
1138 2601 1318 2657 resistentibus
1341 2604 1397 2658 vina
1416 2602 1509 2657 inlerri
1527 2619 1591 2675 pro-

470 2681 562 2740 litteris
584 2686 740 2757 verbisque,
757 2683 852 2757 quibus
873 2684 933 2738 solis
957 2704 1004 2740 va·
1057 2687 1150 2741 hibuit.

470 2765 535 2831 lent,
546 2768 645 2823 belluna
663 2769 785 2824 adversus
798 2767 944 2840 l'hilippurn
959 2787 1005 2840 ge·
1090 2774 1151 2842 (to)
1165 2772 1325 2844 Impugnure.
1346 2770 1433 2826 Alteri
1452 2773 1536 2826 ictum
1549 2773 1591 2825 io-

469 2853 590 2906 robaut.a
1057 2857 1135 2910 lerre.
1164 2855 1327 2910 uSceleratos
1347 2858 1417 2910 cives
1440 2855 1534 2910 tiruore
1561 2855 1591 2908 sb

505 2981 548 3045 (7)
565 2977 635 3030 Hirro
647 2983 674 3031 in
685 2981 833 3034 Piraeeum.
846 2983 889 3036 Sic
899 2983 1005 3039 Diodor.
1057 2941 1232 3076 zimmah
1261 2942 1342 3010 Fama
1370 2939 1527 2994 mmm
1555 2941 1592 2991 Η.

1083 3041 1150 3077 tcero
1173 3022 1205 3076 ad
1219 3025 1289 3078 brut.
1308 3023 1415 3093 ep.xv.

1092 3105 1289 3175 (tt)Neminem
1305 3109 1426 3161 iacentem
1441 3117 1509 3160 ueste
1528 3122 1586 3178 spo·

1057 3191 1138 3242 trevir.
1151 3189 1179 3242 ld
1195 3201 1244 3254 est,
1259 3189 1423 3261 spoliandum
1436 3191 1545 3259 censuit;
1561 3209 1590 3244 ea

1057 3273 1157 3329 seilicet
1171 3283 1268 3339 mente,
1278 3284 1305 3328 ut
1318 3296 1344 3329 se
1359 3286 1459 3330 tanturn
1472 3277 1592 3331 adversus

586 3423 597 3438 .
1057 3358 1191 3429 improbos
1208 3368 1234 3411 et
1248 3369 1359 3413 armatos
1376 3378 1491 3434 pugnare
1506 3371 1591 3414 osteo·

507 3427 549 3496 (8)
565 3425 627 3480 llou
646 3432 726 3483 miuus
740 3431 883 3502 prudentia.
900 3433 1003 3492 Nihilo·
1058 3441 1139 3510 deret;
1155 3445 1270 3515 insuper,
1285 3443 1355 3515 quod
1369 3454 1446 3514 turpe
1454 3487 1465 3512 ,
1482 3444 1591 3517 fortique

472 3512 560 3566 minas
569 3511 658 3566 Conon
672 3511 865 3586 Thrasybulum
877 3537 890 3570 o
901 3524 1008 3578 nornine
1057 3527 1121 3582 drree
1134 3529 1272 3600 indignum
1283 3539 1321 3582 est
1331 3548 1362 3582 es
1374 3533 1483 3583 mortuis
1494 3529 1591 3583 lucrum

474 3596 636 3650 temerariam
649 3598 677 3650 iu
690 3598 821 3670 capiendis
834 3603 949 3658 consiliis
962 3625 1008 3676 ap·
1057 3622 1167 3683 captare.
1190 3612 1257 3666 Vide
1272 3611 1447 3684 ⁸Aristotelem
1470 3614 1544 3666 neth.
1561 3617 1590 3668 tt.

474 3677 602 3752 pellabst,
617 3690 646 3736 ut
663 3682 699 3735 ait
712 3681 865 3740 Aristoteles
885 3688 959 3743 tterh.
976 3693 1008 3755 ll,
1058 3697 1184 3750 laoeruem
1209 3695 1250 3749 bio
1277 3697 1382 3768 proprie
1399 3696 1432 3750 de
1460 3697 1590 3753 interfecto

472 3767 516 3828 tt,
528 3763 561 3825 ὡς
573 3766 659 3819 Κόνων
673 3767 855 3838 Θρασῦὅουὶον
869 3771 1008 3849 Operibus·
1058 3778 1163 3833 dicitur.

471 3847 515 3902 λον
529 3848 622 3904 s'sro'tltt.
635 3853 689 3904 lloo
701 3871 762 3906 vero
773 3873 880 3923 nomen,
893 3859 925 3910 ad
937 3859 1008 3931 quod
1091 3864 1152 3929 (⁴2)
1170 3859 1267 3916 Cecidit
1285 3863 1388 3920 Critias.
1413 3865 1512 3920 Cecidit
1529 3885 1588 3938 pro·

472 3929 558 3986 allusit
572 3935 674 3996 Coeum
686 3953 701 3989 s
714 3947 785 4006 patre
801 3941 856 3994 siue
869 3941 949 3996 dubio
962 3963 1007 3998 ro·
1058 3947 1114 4018 prie
1132 3945 1164 3998 de
1178 3948 1318 4002 intersectis
1330 3951 1357 4002 io
1375 3947 1471 4021 praelio
1484 3967 1591 4021 usurpa-

471 4029 573 4090 ceperat
597 4019 782 4093 Thrasybulus.
812 4025 895 4082 Huius
913 4028 1007 4099 ro'ipur
1059 4037 1109 4084 tur.
1125 4031 1181 4083 llos
1193 4047 1298 4101 quaque
1312 4033 1340 4086 in
1355 4033 1425 4087 bello
1442 4033 1534 4088 cecidit
1547 4043 1588 4102 ty·

472 4102 517 4155 καὶ
533 4102 629 4172 eperat·
651 4104 769 4160 laudavit
785 4107 917 4180 Pelopidas
940 4111 1008 4182 apud
1060 4133 1156 4170 rannus
1169 4117 1370 4187 llippornaebus.
1392 4117 1510 4190 Xenopls.
1522 4119 1546 4170 ll
1559 4113 1589 4167 de

474 4183 542 4238 Plut.
559 4187 611 4242 llas
629 4207 692 4243 vero
705 4187 777 4244 dotes
791 4190 889 4246 invidia
903 4197 1007 4250 temeri·
1059 4199 1113 4254 reb.
1132 4201 1247 4255 Graecis.
1265 4205 1342 4257 Teste
1360 4223 1421 4258 vero
1445 4203 1543 4257 lustina
1557 4202 1589 4266 V,

473 4271 553 4319 ntem
567 4271 678 4327 voravit.
688 4273 730 4328 Ab
742 4275 847 4339 Oresio,
860 4279 894 4340 ll,
912 4283 953 4338 tt.
963 4298 1007 4333 vo·
1059 4289 1086 4348 9,
1101 4285 1274 4356 Hippolochus
1297 4299 1324 4342 et
1345 4289 1445 4355 Critias,
1464 4298 1589 4360 tyranno-

472 4357 595 4427 oaturptr
609 4361 1007 4433 sueuuuetgeusrr'snobilt'tare
1058 4368 1444 4442 rumsrerissimi,oeeubuers.
1550 4395 1552 4400 ’

472 3159 527 3197 esse
541 3151 598 3212 post
615 3141 787 3213 irruptionem
800 3145 872 3199 illam
890 3136 1001 3202 matuti-

472 3243 534 3284 num
548 3227 576 3280 in
590 3237 670 3280 eastra
687 3228 910 3300 adversariorum,
929 3253 1006 3304 quom

474 3310 554 3364 modo
566 3311 711 3365 retulimus.
