3660 5740
682 657 687 666 ·
703 633 946 700 PRAEFATIO
1352 647 1380 739 9

174 857 179 870 '
266 853 408 921 tautum
431 865 518 918 cum
545 837 698 946 Nepotis
715 839 833 918 verbis
852 838 1076 917 Graecorum
1095 837 1386 946 Latinorumque

266 961 457 1039 sententias
484 961 613 1036 usitate
639 960 882 1056 contulimus,
913 957 999 1056 sed,
1036 971 1077 1032 ut
1103 959 1237 1060 patriae
1271 961 1385 1062 ipsius

131 1177 136 1188 .
266 1091 410 1156 nostrae
437 1076 540 1180 quasi
565 1077 748 1176 ingenium
774 1077 886 1151 editio
910 1075 998 1150 baec
1024 1102 1117 1152 nova
1142 1103 1228 1178 prae
1246 1097 1294 1154 'se
1313 1076 1386 1152 ser-

266 1208 335 1286 rat,
361 1192 552 1278 Gallorum
578 1219 724 1296 quoque
750 1194 968 1296 scriptorum
1000 1192 1097 1268 lucos
1124 1193 1256 1268 similes
1283 1193 1384 1270 ideu-

266 1310 379 1388 tidem
407 1309 670 1401 laudavimus,
710 1338 776 1413 pro
817 1308 951 1411 quibus
991 1311 1133 1386 veniam
1163 1337 1232 1386 nos
1257 1312 1314 1390 rel
1340 1310 1385 1386 ab

267 1427 470 1527 alienigenis
496 1429 750 1531 impetraturos
786 1425 1012 1502 confidimus.
1065 1429 1123 1503 Sic
1151 1443 1225 1524 et,
1265 1441 1386 1518 exacta
1451 1513 1452 1516 Ἴ

268 1547 556 1649 uniuscuiusque
581 1545 807 1648 imperatoris
834 1557 895 1618 aut
921 1545 1068 1619 illustris
1095 1547 1161 1620 viri
1187 1548 1278 1644 vita,
1304 1560 1388 1650 post

272 1663 430 1740 Graecos
457 1663 689 1766 Latinosque,
706 1664 769 1766 qui
787 1661 894 1735 huius
913 1663 1134 1738 mentionem
1159 1663 1320 1761 fecerint,
1342 1663 1388 1738 ad

271 1779 409 1856 Gallica
452 1783 561 1856 etiam
586 1782 718 1884 scripta
745 1781 942 1878 lectorem,
983 1783 1014 1855 si
1053 1781 1143 1886 quid
1178 1782 1387 1887 explicatius

268 1898 365 1996 velit,
392 1897 620 1974 remittimus.
833 1889 836 1897 ¹

318 2149 453 2246 Restat,
478 2161 520 2222 ut
546 2146 592 2224 de
618 2149 870 2226 additamentis
897 2177 1009 2254 pauca
1035 2163 1260 2225 moueantur.
1293 2147 1386 2222 Edi-

148 2347 151 2354 ,
269 2263 405 2340 tionem
430 2263 523 2338 hanc
548 2265 870 2369 locupletavimus,
915 2267 1034 2340 statim
1069 2266 1114 2342 ab
1140 2267 1267 2363 initio,
1306 2263 1389 2338 Vita
1425 2286 1427 2294 ’

270 2373 413 2459 Cornel.
440 2379 593 2484 Nepotis
620 2411 639 2457 a
666 2387 709 2460 G.
738 2388 764 2460 Ι.
793 2382 922 2458 Vossio
949 2385 1100 2487 scripta,
1126 2381 1264 2458 Notitia
1290 2382 1388 2457 litte·

267 2497 358 2571 raria
384 2495 416 2570 I.
443 2497 487 2572 A.
512 2495 687 2598 Fabricii,
713 2515 875 2576 veterum
902 2529 944 2575 ac
969 2501 1211 2576 recentiorum
1238 2498 1283 2573 de
1310 2495 1388 2572 Ne·

267 2625 352 2713 pote
379 2613 604 2710 testimoniis,
630 2615 771 2713 exinde,
797 2617 987 2690 mantissae
1013 2616 1137 2710 instar,
1163 2637 1286 2686 rerum
1312 2637 1389 2684 me·

267 2726 498 2803 motabilium
525 2728 764 2830 Chronologiu
782 2759 827 2804 ex
847 2731 1004 2805 editione
1019 2731 1128 2804 altera
1156 2727 1416 2824 Tzachuckii„

269 2843 316 2918 ob
342 2844 556 2922 brevitatem'
582 2861 620 2921 et
645 2845 768 2943 fidem,
789 2847 990 2948 desumpta,
1009 2861 1045 2921 et
1061 2847 1116 2941 iis,
1135 2871 1226 2948 quos
1247 2857 1389 2942 vocant,

268 2961 515 3038 Excursibus:
554 2963 614 3038 hic
652 2963 682 3038 I.
719 2963 767 3038 H.
796 2961 982 3062 Schlegelii
1011 2965 1316 3040 Observationum
1343 2962 1389 3036 li·

267 3078 389 3177 brum,
416 3106 525 3182 quem
541 3079 611 3156 Th.
628 3078 714 3155 Chr.
729 3079 888 3178 Harless,
915 3079 1003 3156 dum
1030 3082 1113 3154 alias
1140 3080 1389 3154 doctissimum

268 3210 305 3272 et
344 3195 584 3315 adsructum
627 3197 877 3301 plenissimum
921 3199 1105 3296 agnoscit,
1148 3198 1389 3300 parcimoniae

268 3341 375 3388 carisa
401 3314 534 3388 invitus
561 3329 831 3417 suppresserat,
875 3313 949 3388 lere
976 3329 1094 3389 totum
1122 3315 1308 3412 maxima,
1346 3327 1388 3390 ut

269 3431 339 3506 tale
366 3457 457 3532 opus
484 3429 653 3528 decebat,
691 3457 775 3504 cura
802 3429 955 3505 exscribi
979 3432 1161 3506 iussimus.
1204 3431 1388 3505 Excursus

270 3546 412 3622 claudet
447 3547 618 3622 hacteuus
658 3547 791 3622 inedita
818 3548 910 3623 iuter
935 3549 1171 3624 Plutarchum
1197 3562 1234 3622 et
1261 3543 1388 3649 Nepo-

270 3675 344 3737 tem
372 3665 602 3768 comparatic.
648 3668 754 3740 ¹Tum
781 3679 971 3740 occurrent
996 3665 1071 3742 duo
1096 3665 1260 3762 Indices,
1294 3689 1389 3740 novo

271 3781 390 3856 studio
430 3783 635 3882 emendati,
678 3783 767 3857 alter
805 3783 997 3861 historicus
1037 3799 1073 3860 et
1111 3783 1388 3887 geographicus,
1466 3803 1474 3814 “

271 3900 519 3995 grammaticus
563 3901 680 3994 alter3
723 3899 943 4004 tandemque
969 3901 1087 3976 ludex
1112 3902 1389 4004 praecipuarum

272 4014 495 4110 editionum,
535 4017 627 4094 aV.
656 4017 696 4092 C.
724 4017 872 4092 Barbier
914 4018 997 4094 ideo
1038 4019 1158 4118 lingua
1201 4016 1388 4094 vernacula

271 4133 437 4238 scriptus,
451 4134 551 4238 quod
576 4135 743 4234 singulari
762 4135 942 4234 diligentia
961 4135 1007 4212 de
1033 4135 1132 4214 libris
1150 4137 1188 4212 in
1207 4133 1388 4229 Gallicum

272 4253 385 4333 versis
409 4255 480 4356 egit
506 4255 560 4335 vir
584 4253 874 4332 humanissimus.

765 4551 771 4589 l
