3528 5780
1165 457 1264 592 437

177 687 294 746 Plusiese
309 685 446 744 edomini
469 685 620 759 ennsnipsit
639 687 799 756 Plutarchus,
821 687 904 749 mults
919 707 1027 764 qnoque
1042 689 1140 766 lteposs
1153 691 1206 748 sed·
1221 691 1266 750 hie

143 771 189 826 nni
201 771 323 824 historice
335 767 477 824 sdhsesisse
491 777 516 822 et
529 779 584 824 toto
597 770 704 843 ingenio
721 771 868 826 incubuisse
884 771 999 840 ridetrus
1018 772 1091 828 illiue
1106 791 1172 832 rero
1188 793 1266 832 meru

143 855 171 909 in
189 851 302 906 menime
315 869 404 904 rerum
417 859 496 924 etque
509 850 662 923 opinionum
676 852 798 910 serietate
810 863 908 908 ιιιιιιι
923 862 973 920 ιιι,
982 861 1008 908 ιι
1009 853 1099 927 ,qnod
1112 854 1266 953 plerumque

145 935 251 993 diverse
267 933 438 989 scribentibus
460 933 563 1001 eccidit,
580 953 634 989 non
660 939 731 1008 peri
733 934 864 992 lundein
880 936 1012 993 omnibns.
1027 937 1111 996 tinto
1132 937 1267 1011 utrinqne

143 1016 329 1072 desiderentur.
342 1015 458 1071 Cornelii
475 1017 546 1071 enim
559 1017 676 1090 Nepotis,
689 1019 780 1074 decem
797 1017 858 1074 libri
872 1019 990 1090 nomine,
1005 1039 1072 1076 nnus
1082 1029 1185 1078 uncum
1198 1021 1268 1078 libes·

145 1121 175 1158 re
201 1110 327 1173 superest;
342 1095 488 1167 Plutarcho,
504 1110 605 1172 prseter
621 1119 666 1156 eos
683 1103 729 1174 qul
744 1101 777 1156 ed
801 1111 916 1158 coenem
939 1089 1049 1160 sessum
1074 1113 1269 1177 pemenernnt,

144 1194 252 1240 centurn
270 1184 370 1240 circiter
383 1193 410 1237 et
423 1183 563 1238 duodecim
579 1182 734 1238 tribuuntur.
750 1185 791 1237 De
804 1183 852 1238 hec
875 1203 938 1240 sero
957 1185 1029 1241 mole
1046 1206 1101 1244 non
1116 1187 1267 1256 immerito,

145 1275 246 1319 utmee
259 1263 312 1320 sert
332 1267 471 1330 ιιιιιιιιιίι,
489 1262 542 1320 dici
564 1272 658 1336 potest,
676 1263 745 1336 quod
764 1262 797 1320 de
813 1281 842 1318 se
858 1265 915 1338 ipso
937 1265 1081 1332 nubtis,
1104 1285 1158 1324 nnn
1179 1275 1267 1328 umen

140 1348 294 1420 lrtnsporllu
311 1346 401 1402 verbo:

275 1510 343 1564 Sunt
360 1508 438 1574 mels.
450 1516 511 1564 sunt
527 1507 655 1582 quaedam
670 1507 823 1576 mediocris,
836 1518 897 1566 sunt
912 1508 980 1564 bons
997 1510 1083 1584 plcre.

178 1686 233 1742 Nec
250 1703 294 1740 me
310 1687 379 1740 nicto
396 1683 489 1743 dixisse
501 1683 638 1747 mirentur,
655 1683 703 1757 qui
713 1683 880 1740 Plutarchum
893 1703 924 1740 es
938 1684 1114 1741 recentiorum
1130 1683 1202 1744 libris
1214 1705 1263 1762 pn·

144 1769 295 1840 tius,qusrn
312 1785 344 1822 ex
365 1763 446 1838 ipsius
462 1765 595 1838 operibns,
611 1775 749 1820 noverunt.
770 1765 839 1835 Quid
862 1767 934 1822 enim
950 1775 989 1822 est
1006 1775 1125 1822 trsctstus
1144 1767 1207 1834 ille,
1223 1770 1266 1824 De
1328 1836 1331 1842 ι

139 1853 215 1924 secie
228 1854 255 1904 s'rs
271 1850 329 1904 orde
341 1847 442 1904 lmese?
456 1848 528 1922 quid,
545 1848 669 1920 deprimo
672 1847 794 1920 frigido?
808 1847 884 1920 quid,
898 1851 932 1904 de
950 1849 1080 1904 mdicrsds's
1097 1850 1191 1924 poetis?
1204 1851 1267 1907 linet

144 1932 214 1986 hone
224 1929 350 1986 ultimum
367 1950 424 1986 non
434 1930 490 1984 sine
501 1927 619 1984 leudibus
631 1938 760 1986 memoret
775 1931 884 2002 scriptos
897 1929 1023 1998 Gellicus,
1034 1932 1075 1988 Les
1087 1931 1185 2006 liupr,
1195 1949 1267 1990 snm·

142 2031 202 2068 mus
216 2013 379 2086 ceteroquin,
389 2009 434 2066 sed
448 2013 504 2086 qni,
517 2011 562 2066 ubi
578 2010 611 2066 de
625 2011 732 2068 Grsecis
742 2011 806 2084 egit,
821 2011 904 2068 nliene
919 2015 1019 2086 ssepins
1035 2031 1114 2087 ιιιιιιιι
1135 2033 1181 2070 sus
1199 2033 1264 2089 pro·

145 2097 208 2160 mit,
222 2103 249 2150 et
262 2093 477 2168 quartideciuio
489 2093 570 2148 utitur
586 2091 689 2148 iudicio.
707 2091 739 2148 ln
756 2092 796 2148 his
812 2093 935 2150 omnibus
961 2094 984 2150 si
1007 2093 1072 2170 quid
1094 2094 1157 2152 boni
1179 2096 1264 2162 inest,

136 2194 169 2248 ep
187 2185 276 2230 entem
291 2194 353 2230 sene
366 2175 472 2232 fefellit.
485 2177 552 2232 Sunt
568 2176 657 2242 etism,
670 2193 737 2250 qnos
750 2173 841 2232 multis
856 2177 885 2232 in
898 2176 1014 2248 pnstibm
1026 2195 1132 2234 meones
1145 2186 1174 2234 et
1189 2177 1264 2234 indi·

138 2266 225 2329 ςιιιοι
239 2256 326 2314 dicere
339 2260 432 2324 susim,
445 2258 598 2330 prsesmtim
610 2277 675 2330 quos
687 2266 776 2312 contre
799 2259 962 2316 Herodotum
982 2268 1010 2313 ιι
1031 2257 1129 2316 Stoicos
1150 2259 1261 2332 scripsit

139 2336 224 2394 biults
236 2347 324 2392 temen
340 2336 476 2410 plerosque
489 2337 681 2394 commendent:
695 2355 756 2392 nem
769 2347 873 2411 prseter
884 2339 977 2402 serim,
989 2337 1085 2409 quibus
1096 2336 1260 2408 distingun-

139 2427 193 2482 tur,
205 2417 418 2486 mmsioecutn,
432 2428 459 2474 et
468 2437 508 2484 es,
521 2437 587 2490 quse
600 2418 632 2472 sd
646 2427 766 2474 veterum
777 2435 864 2472 mores
875 2417 991 2488 opprime
1003 2415 1187 2489 intelligendos
1197 2435 1261 2488 per-

137 2501 235 2568 tinent,
249 2500 338 2556 emnis
351 2495 420 2556 in'iis
435 2500 550 2572 reperire
563 2509 610 2564 est,
619 2499 729 2572 quseed
742 2501 809 2554 bene
822 2499 947 2572 beeteqne
962 2497 1104 2555 uisendum
1114 2497 1260 2566 censerem,

138 2581 372 2656 indulgentemque
386 2581 467 2651 illem,
478 2591 506 2638 et
522 2582 595 2655 qussi
618 2581 701 2638 molle
725 2583 813 2637 nescio
836 2579 913 2654 quid,
929 2579 971 2637 rel
996 2581 1025 2636 ln
1042 2581 1095 2652 ipss
1112 2579 1258 2653 pruritum,

138 2661 316 2718 subridentem
330 2661 546 2718 Acedemicorum
570 2661 771 2736 philosophiam.
785 2662 925 2734 Praecipue
951 2679 1015 2717 vero
1029 2659 1162 2718 Plutarchi
1184 2661 1241 2718 teu
1247 2702 1259 2729 ,

139 2761 254 2816 qnseqne
270 2744 342 2802 illius
355 2763 453 2800 nomen
471 2745 504 2799 sd
528 2744 729 2801 remotissimum
746 2763 829 2816 usque
853 2743 1030 2815 posteritatem
1043 2743 1119 2808 leret,
1140 2761 1206 2816 opus
1220 2751 1261 2801 est

137 2824 205 2880 illud
215 2827 248 2880 de
264 2829 324 2886 uists
338 2829 479 2899 poattets'e.
493 2829 548 2882 binc
564 2835 666 2882 tentum
678 2825 843 2882 nonsinehic
857 2825 983 2882 dicendus
996 2825 1260 2890 nobis,etcmn1ie·

138 2917 199 2978 pote
215 2907 395 2964 conserendus.

171 2989 308 3062 inprimis
324 2991 465 3046 verborum
483 2988 710 3056 constructionem,
736 2988 922 3062 proprietatem
948 2995 976 3044 et
1002 2940 1157 3060 elegeritism
1182 2985 1262 3043 multi

138 3068 286 3137 advertunt,
301 3081 379 3144 etque
393 3071 440 3128 hsc
453 3072 604 3144 precserfim
625 3070 730 3126 dicendi
753 3079 818 3136 erte,
833 3072 903 3127 inter
915 3068 1051 3142 scriptores
1067 3068 1101 3124 de
1122 3067 1214 3126 eedem
1230 3087 1262 3126 re

138 3149 308 3224 disputentes,
326 3153 445 3210 ordinem
459 3155 583 3226 essigneri
595 3171 669 3225 posse
683 3151 846 3208 arbitrantur.
856 3149 1021 3241 Ηίιψᾶιιιι
1035 3152 1200 3225 plurimum
1191 3161 1261 3210 mter

139 3253 170 3290 se
181 3235 303 3292 differunt
320 3236 470 3292 Plutsrchne
486 3247 512 3292 et
527 3237 623 3308 tlepose
639 3253 691 3310 que
703 3254 763 3291 uero
775 3252 850 3291 nsuss
861 3243 963 3291 tuntum
977 3232 1136 3291 discriminis
1148 3235 1264 3302 tenent.

140 3320 228 3390 paucis
239 3317 427 3390 expliceblmus.

140 3403 236 3458 Post
251 3401 385 3456 Ειιιιίιιιι
410 3419 427 3456 ι
452 3400 557 3474 regibus
579 3398 752 3456 Mecedonum
769 3397 910 3468 subseum,
923 3398 1048 3474 psulstim
1070 3407 1097 3455 et
1119 3399 1174 3456 iere
1190 3399 1262 3456 nulle

142 3479 276 3542 intellects
288 3485 484 3548 montinneio
497 3501 606 3556 perum
623 3481 769 3554 demrqueri
782 3483 865 3554 coepit
878 3482 1087 3553 lingonensem,
1109 3489 1136 3535 et
1154 3500 1171 3534 e
1190 3490 1262 3536 recto

144 3561 190 3616 illc
202 3566 316 3632 tremite,
328 3583 407 3638 quem
421 3564 504 3630 Pisto,
521 3564 698 3636 Thucydides,
715 3563 857 3635 Sophocles
867 3573 922 3618 ιιιιι
939 3559 1050 3619 feliciter
1064 3559 1183 3627 inieesnt,
1193 3577 1260 3630 pen-

144 3637 227 3696 lulum
238 3644 385 3700 dellectece.
399 3645 471 3711 hicn,
484 3660 569 3714 quum
583 3642 763 3716 elienipopoli
781 3646 942 3716 ingesserunt,
961 3649 989 3694 et
1005 3649 1061 3694 term
1081 3637 1262 3696 utinensem

143 3725 220 3778 rebus
235 3724 345 3798 ollisque
361 3725 447 3790 bellis,
466 3735 523 3779 tum
535 3723 615 3796 longe
629 3727 807 3778 homenornm
819 3722 1008 3787 domlustione,
1021 3719 1201 3792 nequeenim·
1192 3728 1262 3776 mter

143 3805 257 3860 Grseoos
270 3817 297 3862 et
310 3807 433 3864 Bsebsros
444 3805 629 3861 commercium
647 3805 765 3860 bsbitum
776 3816 851 3872 esset,
864 3801 963 3856 melum
977 3799 1093 3857 inrslult.
1109 3805 1185 3858 Tunc
1197 3801 1259 3874 qui·

144 3885 206 3942 dnm
217 3887 361 3946 littersrnm
371 3887 565 3964 impendentem
582 3885 656 3942 illem
671 3887 784 3952 ruhssm,
795 3901 878 3958 quum
894 3885 1002 3940 omnino
1013 3883 1152 3956 prohibere
1164 3883 1261 3954 nequi·

144 3981 213 4035 rent.
237 3971 329 4028 saltem
350 3973 482 4030 retsrdnse
497 3980 672 4037 tentsmrunt,
695 3978 732 4036 et,
747 3969 863 4040 quodie
879 3967 926 4024 hec
943 3966 1091 4041 linem
1113 3964 1263 4022 conditione

144 4055 213 4127 epod
232 4075 325 4113 omnes
338 4067 428 4131 gentes
452 4053 619 4114 commodum
636 4061 711 4118 esset,
723 4051 883 4151 optimprnm
909 4049 979 4106 inter
996 4057 1095 4104 ueteres
1117 4057 1144 4103 et
1166 4047 1263 4105 Atticos

145 4141 296 4210 ριιιιιιιὶιι
308 4141 466 4214 crimmum
479 4138 592 4214 vmipi'u
607 4153 687 4214 quem
701 4135 866 4195 lunisone
881 4133 1040 4256 imtitercot·
1050 4130 1120 4192 smde
1131 4131 1262 4240 Anides·

145 4221 514 4284 comminuuntur·
