3398 5640
289 468 387 567 302
747 497 968 565 arsuram

283 707 374 787 nibil
401 709 503 783 inea
529 709 682 808 reperit,
707 709 781 783 niti
808 706 915 809 quod
935 706 984 783 ad
1009 702 1252 783 irridendum
1286 733 1385 786 eum
1408 715 1427 766 ²

285 827 507 930 pertineret.
525 824 640 899 Cuius
660 825 728 899 etsi
746 848 894 900 eausam
914 822 1134 917 mirabatur,
1151 844 1294 926 neque
1306 852 1427 934 repa·

287 941 474 1032 riebatur,
496 940 655 1016 ³tamen
688 939 873 1046 praelium
910 947 1032 1017 statim
1060 943 1308 1019 committere
1338 969 1425 1022 non

286 1060 481 1138 dubitauit
508 1061 651 1135 Horum
679 1060 721 1134 in
752 1084 942 1135 concursu
971 1059 1145 1163 Bithyni,
1182 1058 1426 1142 Hannibalis

288 1192 503 1285 praecepto,
520 1178 686 1252 universi
699 1202 832 1252 narem
845 1179 1024 1252 Eumenis
1040 1176 1299 1253 adoriunturt
1317 1204 1422 1282 qno·

288 1323 374 1373 rum
394 1298 471 1371 vim
491 1318 609 1397 quum
636 1320 702 1370 rer
720 1297 905 1370 sustinere
924 1318 1003 1369 non
1028 1305 1165 1398 posset,
1184 1292 1281 1397 fuga
1309 1295 1417 1373 talu·

289 1430 365 1490 tem
383 1415 492 1518 petiit
503 1438 514 1505 ;
535 1436 648 1515 quam
667 1429 891 1489 consecutus
910 1436 988 1486 non
1004 1418 1114 1504 estet,
1132 1415 1206 1485 nisi
1226 1415 1339 1488 intra
1351 1436 1422 1491 sna

288 1532 476 1638 praesidia
502 1554 542 1608 ae
561 1534 778 1635 recepisset,
796 1554 896 1635 quae
909 1531 949 1604 in
966 1532 1141 1634 proxime
1154 1523 1297 1605 littore
1308 1547 1422 1607 erant

289 1648 483 1726 collocata.
511 1647 693 1751 Reliquae
709 1670 955 1754 pergamenae
972 1668 1217 1750 navesquum
1235 1645 1422 1725 adserta·

290 1767 367 1842 rios
382 1782 601 1869 premerent
617 1767 753 1858 aerius,
769 1782 925 1870 repente
945 1768 1059 1840 ineat
1078 1788 1163 1838 rasa
1182 1759 1348 1860 fictilia,
1370 1765 1421 1842 tle

289 1879 431 1984 quibua
447 1900 562 1984 supra
582 1883 810 1956 mentionem
820 1879 989 1973 ferimus,
1003 1883 1139 1956 eoniiei
1154 1894 1294 1986 coepte
1307 1898 1421 1957 sunt:

289 2020 390 2100 quae
409 1995 506 2070 iacta
524 1995 630 2072 initio
649 2000 765 2072 risum
790 1997 1047 2100 pugnantibus
1065 1998 1307 2086 excitarunt,
1325 2019 1421 2090 nee,

289 2136 409 2216 quare
426 2112 465 2187 id
484 2111 602 2206 lieret,
622 2130 771 2216 poterat
784 2113 941 2218 intelligi
952 2141 963 2211 3
980 2130 1179 2218 postquam
1198 2130 1333 2189 autern
1346 2140 1421 2192 na·

288 2257 351 2308 ves
370 2228 576 2335 completas
596 2248 879 2334 conspexerunt
895 2230 1148 2333 serpentibus,
1158 2256 1419 2338 nouareper·

287 2349 425 2442 territi,
449 2374 583 2452 quum,
603 2346 696 2447 quid
721 2348 955 2452 potissimum
981 2350 1157 2438 vitarent,
1185 2371 1270 2426 non
1295 2348 1409 2428 vitle-

289 2481 390 2565 reut‚
416 2489 565 2572 puppes
584 2470 820 2554 averterunt,
839 2490 958 2567 seque
981 2464 1027 2538 ad
1046 2488 1112 2540 sua
1137 2480 1264 2542 eastra
1279 2470 1297 2518 ⁴
1314 2494 1417 2546 nau·

290 2585 364 2661 tiea
378 2583 603 2659 retulerunt.
623 2582 684 2658 Sic
703 2580 892 2657 Hannibal
912 2580 1068 2658 consilio
1087 2607 1190 2657 arma
1210 2587 1419 2690 Pergama·

289 2724 427 2777 norum
447 2704 659 2806 superavit:
678 2720 806 2804 neque
832 2713 911 2774 tum
930 2696 1073 2796 solum,
1090 2698 1157 2774 sed
1183 2724 1301 2804 saepe
1317 2702 1418 2781 alias

288 2818 526 2924 pedestribus
552 2820 670 2921 copiis
689 2821 704 2870 ⁵
722 2819 805 2922 pari
831 2814 1034 2920 prudentia
1053 2815 1204 2920 pepulit
1220 2817 1411 2900 adversa-

289 2960 376 3011 rios.
497 2988 500 2996 ·

337 3044 425 3124 XII.
447 3048 552 3142 Quae
569 3047 660 3123 dum
677 3048 718 3121 in
738 3051 823 3124 Asia
841 3065 1041 3151 geruntur,
1067 3049 1206 3126 accidit
1233 3072 1338 3145 usu,
1365 3071 1414 3130 nt

286 3164 398 3267 legati
416 3168 572 3240 Prusiae
590 3169 729 3240 Rornae
747 3166 848 3268 apud
867 3166 909 3240 L.
929 3168 1127 3260 Quintium
1145 3168 1409 3248 Flamininum

286 3279 522 3358 consularem
542 3298 759 3372 coenarent,
779 3298 892 3387 atque
911 3282 976 3374 ibi,
995 3286 1041 3358 de
1058 3280 1272 3362 Hannibale
1297 3310 1411 3363 men·

288 3396 513 3490 benefacta,
531 3422 578 3474 ea
594 3397 653 3473 his
665 3421 763 3473 unus
774 3397 929 3493 diceret,
947 3424 1033 3475 eum
1052 3402 1093 3477 in
1111 3405 1273 3480 Pruaias
1285 3426 1415 3509 regno

318 3701 363 3772 (l)
378 3702 426 3756 At
440 3699 594 3755 irridendam
606 3715 668 3753 emt.
680 3696 729 3754 Pro
743 3706 817 3764 seut
867 3698 941 3764 duee,
955 3698 997 3753 uel
1015 3700 1061 3772 qui
1082 3699 1137 3753 eiua
1159 3701 1230 3756 insu
1246 3716 1354 3775 pugnas
1369 3707 1414 3761 at-

284 3788 377 3857 peaaim
392 3793 477 3841 noster
488 3783 554 3839 solet
569 3800 699 3856 usurpare.
865 3798 945 3852 guum
959 3781 1031 3834 dant.
1046 3783 1114 3834 Hine
1129 3780 1254 3836 attam.
1269 3787 1333 3840 Tu.

898 3868 941 3932 (4)
958 3863 1045 3917 Castra
1062 3870 1170 3919 nautica.
1187 3865 1329 3922 Militarem
1351 3878 1402 3921 11-

317 3950 360 4018 (³)
389 3944 479 4020 Neque
505 3949 682 4020 reperiam.
711 3946 815 4002 &illest
864 3946 936 4000 vium
949 3950 1094 4001 stationem.
1107 3950 1204 4004 Confer
1219 3949 1336 4021 supnin
1348 3949 1403 4004 Al-

282 4034 365 4092 eaubt.
383 4037 527 4108 Regiminia
543 4036 714 4089 mmationem
731 4032 812 4088 mole·
862 4026 960 4083 cibinde
974 4027 1043 4080 VllI.

279 4132 402 4176 mr
371 4131 501 4192 praeterea
525 4122 659 4175 saeitaoul
675 4118 812 4192 repetitiof
895 4114 993 4181 (5)e
955 4108 1112 4166 Pedestribar
1127 4122 1219 4187 copiis
1241 4110 1274 4168 Vt
1298 4110 1405 4188 passim

281 4205 672 4275 qmrmutramquevitarilaerle
685 4203 813 4259 nmmo
860 4194 984 4268 apuduos
957 4204 1056 4249 ostrum
1030 4215 1124 4269 pru
1138 4197 1305 4257 terrestribus
1306 4203 1407 4276 ‚quip-

357 4284 450 4340 rm
473 4289 616 4361 Rapuit&
635 4287 708 4343 affl
729 4289 811 4343 m-
859 4303 893 4354 pe
910 4298 975 4353 quae
987 4292 1013 4335 et
1034 4285 1178 4354 equitatum
1199 4285 1406 4359 amplectantur.

198 4289 552 4434 '‘mlv‘'
453 4368 538 4442 Μ,
538 4394 572 4420 ··
583 4370 752 4436 Ouum
769 4368 812 4431 U
858 4363 955 4428 mrim
967 4366 997 4427 ln
1012 4361 1174 4439 ΑΜΕ.
1253 4396 1259 4405 -
