3528 5780
440 437 533 570 396
771 469 828 530 ιο.
863 467 996 538 usna.
1029 461 1248 532 seueram.

435 673 532 728 tatione
543 671 706 744 praesertim,
720 669 765 728 ubi
774 670 896 748 essendo
910 669 1050 746 deligenda
1058 676 1132 726 ersnt
1144 666 1277 724 ιιιιΙιιΙιιιι
1290 673 1320 724 ιι
1334 665 1487 736 ιιιιΙιιΙωι,
1497 673 1561 724 tam

436 755 550 825 graviter
562 772 668 810 errasse.

469 837 610 892 1V.Pnet.
628 839 651 910 ς.
670 845 694 890 ιι
713 838 777 912 Qnis
794 842 911 897 ιιιιιιὶοιιιι
924 840 1034 893 docuerit
1047 837 1262 910 Epaminondam.
1276 832 1347 888 Nihil
1371 835 1488 908 apertius
1504 835 1560 889 de-

434 919 511 974 clarat
524 919 590 972 banc
603 922 764 976 Graecorum
778 940 881 975 morum
898 921 1046 974 aliomsnis
1056 920 1241 983 diversitatem,
1256 935 1335 987 quam
1346 917 1373 969 id
1387 917 1456 989 quod
1467 919 1560 973 aare

435 1004 481 1067 sit,
498 1001 691 1072 Quaest.Tuso.
708 1005 729 1068 l,
745 1021 766 1057 c.
785 1009 811 1056 ιι
832 1005 990 1057 asummam
1016 1001 1190 1057 eruditionem
1213 999 1307 1054 Graeci
1323 1000 1401 1054 sitnm
1417 1000 1563 1057 censebam

437 1104 449 1136 ι
465 1085 493 1137 Ιιι
507 1103 647 1139 nervorum
659 1103 804 1157 vocumque
825 1087 950 1142 cautibus.
964 1087 1046 1158 Igitur
1062 1093 1089 1138 et
1105 1083 1311 1156 Epaminondas,
1333 1083 1469 1154 princeps,
1490 1101 1559 1136 meo

437 1185 449 1218 ι
465 1167 569 1232 iudicio,
581 1169 712 1234 Graeciae,
722 1169 816 1224 fidibus
829 1169 957 1241 praeclare
967 1168 1088 1222 cecinisse
1098 1168 1201 1234 dicitur,
1213 1167 1443 1235 Themistoclesque
1456 1164 1489 1218 ali

438 1267 449 1298 ι
467 1259 526 1302 ante
543 1253 626 1314 anuis,
644 1269 722 1322 quum
737 1252 765 1305 in
780 1251 862 1324 epulis
876 1261 1015 1305 recusasset
1035 1251 1134 1324 lyram,
1147 1249 1250 1303 habitus
1272 1258 1311 1302 est
1329 1247 1466 1300 indoctior.
1486 1173 1565 1318 gg

437 1347 448 1380 ιι
467 1329 493 1381 io
507 1330 614 1384 Graecia
626 1334 715 1386 musici
728 1332 882 1399 floruerunt,
891 1331 1072 1406 discebantque
1083 1331 1108 1387 id
1120 1347 1285 1398 omnes,nec,
1294 1327 1485 1402 quiuesciebat,
1493 1330 1557 1384 satis

438 1427 449 1462 ι
463 1410 580 1488 *ultus
594 1413 710 1466 doctrina
726 1414 872 1484 putabatur.
885 1434 895 1466 ι
1019 1414 1023 1424 ’

468 1494 595 1550 carebant
607 1499 729 1563 Romani,
742 1515 823 1568 quum
833 1507 923 1554 tamen
940 1497 1070 1552 Ciceronis
1086 1505 1167 1551 aetate
1181 1504 1267 1550 essem
1281 1491 1467 1558 florentissimi,
1479 1491 1557 1545 bonis

434 1579 540 1631 musicis
553 1578 663 1671 perinde
679 1589 707 1634 ut
724 1580 873 1652 pictoribus,
887 1583 949 1652 quia
961 1579 1085 1634 dedecere
1095 1579 1217 1651 putabant
1228 1580 1276 1633 bas
1288 1587 1354 1631 artes
1366 1577 1435 1630 viros
1445 1575 1555 1630 nobiles.

434 1658 493 1728 Quo
506 1646 593 1712 minus
610 1669 665 1714 erat
677 1661 726 1714 arti
743 1660 860 1727 honoris,
870 1679 902 1714 eo
918 1663 1021 1715 minora
1037 1659 1119 1715 studia
1135 1661 1249 1716 inerunt

466 1741 501 1796 V
514 1741 594 1794 Praei.
609 1742 633 1812 S.
648 1748 673 1795 7.
691 1743 882 1816 Gynaecons'tis.
895 1743 1044 1842 Respondet
1060 1742 1123 1796 brec
1136 1762 1185 1798 ros
1199 1745 1235 1806 ei,
1250 1758 1329 1815 quam
1342 1743 1442 1794 Tuscae
1458 1737 1555 1810 aliique

432 1821 509 1876 Asine
520 1822 612 1896 populi
623 1832 754 1894 usurpant,
777 1823 935 1890 Harum,
907 1829 958 1880 urai
977 1824 1046 1896 quod
1060 1826 1176 1880 moribus
1202 1824 1336 1879 differunt.
1353 1823 1459 1876 Graecis
1481 1823 1555 1875 euim

433 1920 514 1954 unam
531 1913 631 1958 tantum
645 1922 752 1958 uxorem
766 1903 860 1960 ducere
873 1905 911 1959 sas
926 1916 994 1971 erat,
1008 1925 1091 1978 quum
1106 1902 1256 1972 Mahomed,
1269 1923 1301 1956 ex
1314 1901 1420 1974 antiqua
1434 1902 1558 1972 gentium

433 1984 604 2037 Asiaticorum
617 1986 817 2051 consuetudine,
830 1986 931 2041 asseclis
944 1988 997 2042 suis
1009 1987 1095 2060 plures
1104 1987 1261 2060 permiserit,
1270 2003 1322 2057 qus
1330 1983 1434 2038 licentia
1444 1982 1557 2037 ditiores

434 2062 518 2119 adbuc
530 2065 664 2120 interdum
677 2075 797 2121 utuntur.
813 2067 939 2122 Homerus
950 2079 1039 2122 auctor
1055 2079 1103 2135 est,
1120 2071 1172 2122 iarn
1193 2067 1258 2122 olim
1275 2068 1385 2121 semiuss
1406 2073 1556 2134 separatum

435 2229 501 2286 libro
515 2232 536 2284 Ι.
551 2233 686 2316 S'stum
698 2234 776 2286 luisse
800 2219 922 2287 eumdem
939 2235 1094 2289 Graecorum
1108 2253 1209 2288 mamm
1223 2231 1339 2286 Cornelii
1354 2231 1434 2285 etiam
1449 2235 1552 2293 ιιιιιι,

433 2307 580 2366 luculentus
593 2314 664 2367 testis
678 2322 716 2367 est
730 2313 871 2370 l'itnrvius.
888 2318 912 2368 Ιι
924 2315 1006 2380 enim,
1019 2315 1053 2370 de
1074 2314 1251 2370 Architectura
1263 2313 1311 2368 lib.
1327 2315 1373 2377 vt,
1385 2329 1408 2364 c.
1424 2315 1467 2376 to,
1478 2308 1552 2382 quod

432 2393 594 2448 inscribitur:
612 2395 846 2457 ussoGrsecorum
869 2395 1046 2452 aedificiorum
1064 2415 1209 2470 eorumque
1232 2398 1346 2468 partium
1363 2391 1550 2465 dispositione,

435 2496 446 2530 n
465 2486 541 2548 atque
557 2475 735 2533 differentibus
748 2478 908 2544 nominibus,
921 2477 980 2534 satis
1003 2479 1035 2533 ab
1048 2477 1142 2534 Italicis
1157 2477 1272 2533 moribus
1293 2487 1320 2532 et
1340 2475 1429 2529 usibus
1446 2474 1550 2528 disere·

435 2579 445 2612 ι
462 2559 613 2630 ριιιιΙΙιιιιιι
629 2577 683 2613 non
700 2557 784 2614 sulum
799 2561 961 2615 mentionem
978 2560 1036 2614 lacit
1049 2559 1261 2634 gynaeconitidis,
1283 2556 1327 2612 sed
1351 2558 1430 2610 etism
1452 2554 1552 2618 docet,

432 2640 562 2710 quomodo
575 2641 707 2696 aedificata
722 2651 748 2696 et
762 2643 887 2697 instructa
902 2661 957 2696 esse
981 2640 1071 2696 soleat
1090 2645 1140 2695 ιιιι
1166 2642 1207 2696 ΙιΙι
1224 2640 1287 2695 locis
1304 2642 1426 2694 introrsus
1445 2637 1554 2690 consti·-

435 2742 446 2774 u
461 2734 568 2779 tuuntur
583 2743 639 2779 oecs
632 2725 774 2796 'smagrd
765 2741 794 2778 m
808 2726 901 2796 quibus
913 2723 1168 2779 matresfamiliarum
1179 2741 1239 2778 cum
1252 2722 1374 2777 lanificiis
1386 2719 1481 2776 habent
1493 2735 1553 2773 sea·

435 2825 446 2858 ι
462 2827 585 2864 ιιοιιιι
589 2811 683 2863 Haec
696 2827 755 2881 pars
765 2807 872 2863 aedrlicn
891 2810 1067 2882 gynaeconitis
1088 2806 1240 2878 appellatur.
1249 2827 1260 2859 ι
1279 2790 1427 2877 Opponitur
1446 2820 1547 2876 qnae·

431 2891 541 2945 conitidi
553 2892 653 2944 andron
662 2911 707 2946 seu
720 2892 868 2958 nidronitis,
877 2891 911 2943 de
921 2909 972 2964 qua
983 2887 1148 2944 Vitruviusl.
1163 2907 1201 2941 c.:
1216 2908 1227 2941 ι
1239 2887 1332 2944 Graeci
1342 2887 1414 2940 enim
1425 2886 1553 2939 assarones

435 2991 446 3023 ι
462 2971 594 3046 appellant
608 2992 692 3040 oecos,
705 2972 750 3028 ubi
773 2974 895 3026 convivia
918 2971 1001 3027 virilia
1024 2970 1108 3026 solent
1125 2989 1196 3038 esse,
1213 2968 1284 3044 quod
1304 2987 1336 3023 eu
1357 2967 1482 3022 mulieres
1497 2985 1553 3020 nora

434 3071 445 3104 ιι
461 3054 613 3108 secederes
632 3056 732 3108 Scitum
748 3054 797 3108 ΙιιΙι
809 3054 935 3127 Diogenis
948 3053 1040 3126 Cynici
1057 3053 1089 3106 de
1105 3061 1213 3125 utraque
1229 3061 1302 3124 parte
1319 3049 1423 3103 aedium
1440 3047 1551 3112 dictum,

432 3133 501 3204 quod
518 3131 598 3186 relert
610 3135 741 3204 Diogenes
757 3134 884 3188 Laertius.
901 3131 992 3202 Quum
1007 3133 1079 3187 enim
1106 3150 1139 3186 ex
1162 3151 1204 3195 eo,
1225 3131 1419 3186 Lacedaemone
1435 3127 1550 3181 dtbeoss

431 3211 564 3279 veniente,
576 3225 711 3284 quaereret
724 3213 827 3286 aliquis,
837 3213 909 3268 unde
921 3216 1031 3282 veniret,
1044 3233 1095 3286 qun
1106 3212 1237 3268 tenderet?
1252 3212 1393 3284 respondit:
1404 3211 1440 3263 Ex
1452 3205 1549 3262 andro-

429 3291 537 3344 nitide
529 3310 557 3346 m
569 3294 763 3364 gynaeconitiu.

465 3375 508 3427 vl.
526 3373 636 3430 Miltiad.
651 3377 696 3440 vt,
710 3383 737 3438 3,
753 3385 911 3431 memoratur
925 3377 1028 3430 Poecile
1030 3377 1163 3448 ‚porticus
1185 3396 1232 3432 seu
1254 3386 1308 3431 stoa
1327 3374 1492 3435 Athenarum,
1516 3369 1553 3426 Ιιι

433 3474 484 3528 qua
496 3474 581 3528 pugna
594 3455 695 3528 depicta
708 3469 746 3511 ιιι
762 3457 935 3523 Marathonia,
947 3459 983 3513 ita
995 3467 1025 3512 ut
1037 3459 1065 3512 in
1078 3459 1168 3513 decem
1180 3471 1329 3534 praetorum
1341 3472 1446 3512 numero
1459 3447 1557 3526 prllm

428 3537 572 3595 Miltiadis
564 3557 650 3612 imago
663 3550 812 3614 poneretur,
826 3540 897 3612 isque
910 3539 1058 3597 hortaretur
1069 3539 1167 3598 milites
1179 3543 1356 3615 praeliumque
1364 3537 1555 3596 committeret.

426 3621 467 3676 nd
481 3621 663 3676 illustrandum
677 3623 749 3678 huuc
763 3622 849 3676 locum
863 3621 929 3678 nihil
943 3633 1026 3694 potest
1042 3643 1096 3678 esse
1119 3622 1273 3680 luculentius
1292 3622 1413 3681 verbis·
1395 3641 1437 3686 us,
1455 3619 1556 3694 quibus

426 3725 486 3762 usus
500 3717 538 3762 est
552 3707 683 3762 Aeschines
694 3707 722 3760 in
734 3708 853 3760 oratione
864 3705 987 3760 adversus
999 3708 1204 3780 Ctesiphontem.
1215 3709 1279 3762 Vtar
1290 3708 1407 3761 versione
1420 3703 1556 3759 lambini:

428 3808 439 3843 ι
455 3789 531 3846 Adite
538 3790 718 3863 igiturauimis
726 3789 758 3844 ad
770 3791 903 3862 porticum
916 3790 1049 3852 Poecilen!
1063 3788 1558 3863 omnurmenimrerumpraeclarssum

427 3892 439 3925 ι
457 3882 557 3926 exstant
567 3872 640 3928 vobis
659 3872 687 3926 in
702 3873 757 3926 soro
781 3883 962 3927 monumenta.
979 3871 1048 3942 Quid
1063 3875 1141 3946 igitur
1154 3885 1203 3940 est,
1215 3876 1402 3938 Athenienses,
1415 3870 1486 3945 quod
1502 3885 1564 3946 ep

429 3973 441 4006 ι
460 3954 533 4010 dico?
546 3956 593 4009 Hic
611 3954 772 4011 Marathonia
787 3973 874 4028 pugna
886 3954 988 4026 depicta
1002 3958 1122 4026 est.Quis
1133 3969 1189 4012 erat
1201 3957 1358 4032 imperator?
1371 3953 1562 4011 -Neminem

427 4055 439 4088 ι
452 4055 512 4091 sane
524 4047 638 4097 vestrum
652 4056 713 4092 esse
726 4047 803 4109 puto,
817 4037 864 4111 qui
875 4055 929 4093 nou
942 4038 976 4092 ita
990 4049 1091 4110 rogatus
1105 4040 1266 4111 respondeat:
1289 4039 1432 4096 Miltiades.
1446 4039 1481 4092 At
1496 4035 1561 4091 illic
1673 4071 1674 4084 ι

427 4125 439 4156 ⁹
453 4137 578 4188 nusquam
590 4122 644 4174 eius
657 4137 754 4173 nomen
766 4121 920 4190 inscriptum
932 4131 978 4176 est.
987 4121 1095 4191 -Quid
1107 4122 1156 4176 ita?
1169 4125 1227 4178 Non
1236 4123 1312 4195 petiit
1327 4123 1375 4177 hoc
1388 4121 1563 4194 praemium?

427 4217 438 4250 ι
454 4229 486 4242 -
500 4201 577 4256 Petiit
590 4201 713 4274 quidem,
725 4200 769 4254 sed
780 4201 891 4272 populus
901 4221 955 4258 non
963 4203 1044 4270 dedit,-
1055 4222 1146 4259 verum
1160 4207 1185 4258 ei
1197 4224 1244 4277 pro
1256 4206 1372 4262 nominis
1379 4205 1562 4278 inscriptione

424 4301 436 4334 ι
454 4281 588 4350 muressis,
599 4290 629 4337 ut
644 4283 745 4356 primus
758 4282 858 4340 milites
873 4284 1010 4342 ιοιιοιιιιιι
1025 4285 1212 4360 pinguescet·
