3528 5780
395 503 398 510 ·
482 479 580 610 392
817 505 874 569 10.
909 503 1049 568 nane*
1071 500 1294 568 sonarum

478 711 593 778 auetore,
607 705 719 782 ideoque
735 719 817 761 nona
833 701 966 773 Cornelio,
985 703 1031 760 sed
1050 721 1065 758 a
1083 703 1169 760 Probo
1184 705 1293 776 prolata.
1304 705 1421 773 buerit,
1442 705 1602 779 tpeieaum

477 789 622 864 aliqurndo
638 786 807 862 exprobrasse
819 784 995 852 Pharnabazo,
1007 804 1062 840 esee
1075 801 1137 839 eum
1152 785 1241 840 verbis
1257 785 1380 853 alamern,
1396 787 1471 842 rebus
1483 789 1604 846 tardum

478 876 537 944 Quo
551 888 609 936 ore,
630 886 681 942 que
700 868 799 933 ironte,
812 865 898 939 inquit
914 865 1041 931 barthius,
1061 865 1171 920 barbaro
1195 865 1289 921 vitium
1304 867 1458 939 exprobrare
1474 871 1600 940 potuisset

478 953 633 1027 Iphicrates,
651 941 704 1006 nisi
727 949 838 1023 ipsemet
859 947 954 1004 laboris
966 943 1164 1004 ct'strenuitatis
1175 948 1226 1002 sibi
1243 949 1360 1003 oonsoim
1376 950 1477 1005 luisset’
1495 951 1602 1010 valeret

479 1033 676 1112 quodammodo
693 1041 888 1106 argumentum,
905 1030 1039 1086 sianimns
1052 1040 1117 1086 esset
1133 1030 1266 1102 Iphicratis
1275 1049 1378 1086 canum
1394 1034 1505 1089 omnino
1517 1036 1602 1090 maci·

478 1138 552 1193 pere,
571 1127 598 1172 et
614 1136 675 1172 eum
689 1118 782 1192 quovis
795 1115 873 1170 modo
887 1132 900 1167 a
913 1112 1081 1186 Theopompi
1099 1113 1301 1186 reprehensione
1322 1113 1441 1170 libente.
1460 1115 1512 1171 Sed
1530 1127 1603 1174 neme

480 1199 605 1258 concludi
621 1198 684 1254 inde
702 1217 757 1254 non
781 1207 866 1270 potest
881 1194 919 1260 id,
937 1193 1008 1270 quod
1026 1195 1082 1250 uult
1098 1195 1221 1250 barthius.
1244 1196 1328 1268 Nepos
1352 1196 1425 1251 enim
1446 1207 1472 1252 et
1491 1199 1604 1272 quisque

478 1285 546 1340 aliua
559 1283 629 1337 aurei
640 1279 722 1336 seculi
731 1281 841 1351 sctiptor
856 1279 963 1332 Latione
977 1295 1030 1332 non
1043 1286 1144 1349 poterat
1157 1277 1272 1332 iodioare
1284 1276 1318 1332 de
1329 1279 1482 1351 imperatore
1492 1281 1606 1347 Gnaeo,

481 1367 534 1421 nisi
544 1363 688 1420 secundnm
701 1380 742 1428 ea,
756 1380 823 1435 quae
837 1360 888 1416 fide
898 1359 994 1432 dianus
1006 1359 1099 1434 aliquis
1108 1361 1176 1414 inter
1187 1360 1320 1415 historiooa
1331 1361 1443 1416 (sraeooa
1452 1362 1603 1420 tradideret.

479 1449 603 1504 Nominat
616 1444 666 1500 hoc
679 1443 736 1500 looo
753 1443 844 1518 ipdicii
855 1443 896 1496 sui
913 1441 1275 1512 auetorern‚Theopompusn.
1290 1442 1322 1496 Et
1335 1459 1412 1513 quae,
1421 1461 1528 1514 quaero,
1538 1465 1606 1501 eon.

480 1529 601 1586 indictio
618 1527 744 1600 reperitur
755 1526 826 1585 inter
838 1525 972 1595 Iphicratis
988 1532 1063 1597 caput
1076 1524 1087 1574 l
1101 1533 1126 1576 et
1138 1522 1190 1576 lli?
1203 1523 1231 1576 Si
1243 1523 1303 1594 quis
1318 1523 1353 1576 ita
1365 1524 1480 1580 iudicans
1493 1528 1606 1582 audrei

482 1610 601 1684 exempla
614 1610 739 1676 aliorum,
757 1610 813 1682 qui,
829 1607 890 1664 licet
907 1607 935 1661 in
950 1605 1025 1661 bellis
1037 1605 1147 1668 strenui,
1160 1605 1188 1657 in
1202 1602 1288 1659 labore
1302 1614 1400 1672 tamen,
1415 1606 1443 1661 id
1457 1616 1496 1662 eat
1510 1610 1538 1662 in
1550 1629 1604 1665 ue.

481 1695 569 1767 gotila,
593 1692 695 1748 rembei
711 1709 899 1762 nonnunquam
918 1689 998 1751 lirare.
1022 1685 1125 1741 edoceri
1142 1687 1268 1759 potuisset
1291 1685 1334 1741 vel
1356 1686 1435 1742 solius
1459 1687 1608 1748 Alcibiadis

480 1770 621 1844 exemplo,
637 1781 664 1826 et
680 1770 729 1826 hoc
746 1771 842 1826 vitium
858 1779 885 1826 et
902 1769 977 1824 illam
993 1767 1118 1824 virtutem
1130 1784 1319 1840 nonnunquam
1337 1767 1365 1823 in
1384 1765 1476 1823 eodem
1493 1769 1607 1826 homine

480 1873 513 1910 re
533 1870 604 1909 errrr.

515 1873 575 1988 Iitt.
588 1935 655 1988 Sunt
673 1933 723 1988 loci
739 1934 768 1988 in
784 1934 886 2004 Nepote
901 1929 1042 1988 variatione
1059 1930 1177 1987 oodioum
1200 1941 1256 1986 tam
1273 1931 1404 2004 ambigui,
1422 1941 1453 1986 ut
1476 1932 1607 2006 disputari

428 2021 430 2026 '
483 2034 514 2069 ex
531 2024 642 2088 utraque
655 2023 728 2088 porte
744 2013 861 2070 veritatis
877 2013 987 2086 quadam
1002 2017 1087 2086 specie
1103 2015 1194 2087 possit.
1210 2013 1349 2068 Cooierarn
1369 2021 1470 2068 tantiam
1484 2015 1605 2070 codicem

480 2100 663 2169 Thottienum,
676 2097 816 2153 editionem
829 2097 992 2170 principem,
1008 2106 1035 2152 et
1055 2099 1200 2167 burianam,
1217 2113 1280 2168 seu,
1297 2115 1362 2168 qnae
1387 2113 1445 2152 mm
1467 2100 1586 2170 nquitur
1595 2141 1605 2167 ,

483 2179 688 2237 Fischerianam.

519 2259 598 2331 Talea
610 2258 660 2314 loci
671 2265 745 2313 sunta

516 2340 649 2397 Themist.
663 2341 709 2406 IV,
727 2343 753 2393 22
767 2338 837 2396 ouius
847 2340 936 2414 fanan,
949 2339 1019 2396 Edit.
1033 2341 1061 2394 P.
1075 2350 1102 2395 et
1114 2341 1142 2396 B.
1157 2343 1276 2411 flunmen,
1292 2341 1323 2396 C.
1337 2340 1390 2395 Th.

515 2423 626 2479 Pausan.
644 2423 690 2492 IV,
705 2432 730 2476 i:
744 2421 847 2478 vincula
864 2421 987 2494 epistolae
1003 2425 1133 2486 laceravit,
1145 2427 1176 2480 Er
1191 2425 1218 2477 li.
1237 2425 1342 2484 taxeota.
1359 2423 1390 2477 E.
1404 2423 1434 2476 P.
1448 2440 1471 2476 o.
1485 2422 1538 2476 Th.

514 2505 604 2562 Alcib.
620 2506 655 2572 li,
674 2514 700 2560 tr
719 2505 832 2560 Graecae
846 2505 950 2576 linguae
966 2503 1116 2578 eloquentia
1127 2506 1287 2570 ditinum,
1301 2508 1333 2559 E.
1354 2505 1382 2560 Β.
1400 2507 1609 2574 disertissim,

480 2583 705 2642 kaest.

511 2667 608 2740 Iphicr.
619 2670 654 2735 li,
666 2675 692 2724 5.·
702 2668 899 2741 Epaminondae
910 2667 1050 2724 reurdrvit
1058 2659 1253 2741 inoeptns,li.B.
1264 2673 1381 2741 impetus,
1392 2669 1422 2723 E.
1436 2669 1466 2723 P.
1477 2679 1503 2724 et
1515 2687 1537 2724 c.
1549 2668 1606 2728 Th.

516 2749 651 2816 Concedo,
664 2749 798 2816 lectiones,
811 2769 877 2826 quas
893 2751 981 2806 bosius
994 2751 1104 2823 recepit,
1118 2767 1192 2822 posse
1205 2749 1320 2818 defendi,
1332 2751 1431 2805 muniri
1444 2751 1522 2804 etiam
1532 2751 1606 2806 eodi-

483 2849 545 2886 cum
562 2832 734 2902 quonamdam
748 2834 911 2899 auctoritate,-
923 2832 969 2887 aed
983 2831 1071 2897 oredo,
1082 2850 1134 2898 eas,
1147 2849 1208 2904 quas
1220 2842 1326 2887 tenuere
1339 2833 1419 2888 editio
1428 2834 1559 2905 princeps,
1569 2842 1608 2898 et,

481 2923 582 2992 praeter
599 2913 671 2983 alios,
687 2913 946 2982 eodex'Thottianus,
962 2915 1045 2986 magis
1058 2932 1112 2968 csse
1128 2913 1281 2982 probabiles.

516 2993 588 3052 Mite.
600 2996 634 3061 V,
648 3003 681 3071 ³,
690 2995 796 3068 legitur,
808 3004 837 3049 ut
849 2995 877 3050 in
890 2995 1004 3050 editione
1018 2995 1131 3064 liosiana,
1143 2997 1179 3050 sic
1191 2997 1272 3051 ιῑὶιιιι
1285 2998 1312 3052 in
1326 2997 1369 3053 ed.
1382 2998 1466 3068 princ.
1480 3008 1507 3052 et
1518 2998 1606 3054 codice

482 3076 632 3131 Thottianm
658 3074 798 3148 eliamque
812 3075 915 3132 arbores
928 3076 1018 3132 multis
1031 3075 1095 3130 locis
1111 3087 1184 3132 erant
1208 3097 1296 3144 rarae,
1313 3078 1362 3132 bno
1379 3078 1502 3146 oonsilio,
1523 3090 1553 3134 ut
1580 3091 1608 3137 et

487 3177 499 3211 a
516 3159 647 3213 muntium
661 3168 811 3231 tegerentur
823 3159 970 3227 altitudine,
984 3169 1011 3214 et
1028 3159 1147 3214 arborum
1163 3170 1244 3214 areotn
1254 3161 1380 3234 equitatus
1393 3160 1508 3217 huetium
1524 3164 1604 3232 impe·

489 3259 501 3294 a
518 3239 638 3294 direturo
653 3239 782 3294 Eamdem
793 3241 933 3295 lectionem
950 3241 1049 3312 recepit
1063 3250 1091 3295 et
1104 3243 1172 3296 tueri
1184 3242 1285 3298 videtur
1298 3243 1448 3299 Lambinus.
1461 3241 1598 3300 Nihilomi-

488 3339 537 3374 nua
553 3339 613 3376 cum
625 3321 743 3377 Barleaio
753 3331 780 3376 et
793 3321 849 3376 aliis
862 3321 1060 3392 praeferendum
1073 3321 1151 3377 eredo
1159 3341 1223 3378 essee
1231 3325 1345 3378 Arbores
1354 3325 1443 3380 multia
1454 3324 1512 3380 locis
1524 3331 1596 3376 erant

486 3414 593 3468 maeno,
606 3419 683 3471 quam
701 3418 792 3457 vocem
807 3403 904 3473 expetit
920 3405 1020 3472 etipse
1040 3421 1138 3470 monn,
1153 3414 1181 3458 et
1196 3403 1223 3458 id
1241 3404 1312 3476 quod
1330 3409 1453 3479 seqnitur:
1469 3403 1599 3457 Arborum

484 3490 567 3536 tractu
585 3484 714 3554 equitatus
731 3483 843 3538 hostium
856 3481 1034 3553 impediretur.
1050 3486 1147 3555 Aperte
1163 3485 1235 3538 enim
1259 3484 1374 3557 loquitur
1393 3495 1476 3542 auctor
1488 3482 1520 3538 de
1533 3502 1600 3538 oon·

481 3563 551 3628 silio,
567 3561 638 3635 quod
655 3573 694 3618 est
708 3563 736 3617 in
749 3581 778 3618 re
792 3563 899 3618 militari
912 3563 1118 3630 suitatissimnm,
1135 3575 1161 3620 et
1171 3567 1242 3638 quod
1259 3569 1356 3622 nostris
1369 3566 1464 3622 dicitur
1477 3565 1606 3622 Veriscol·

516 3646 598 3699 Iocus
615 3655 720 3702 vexatus
733 3645 762 3700 in
777 3645 831 3702 vita
844 3645 925 3700 eruci
938 3647 999 3714 xit,
1013 3653 1039 3713 3,
1054 3656 1084 3700 ut
1097 3665 1128 3701 ex
1148 3647 1262 3704 editione
1276 3648 1381 3702 anianu
1397 3649 1493 3705 editura
1515 3647 1609 3702 aliam

485 3744 498 3778 a
511 3743 592 3796 quum
607 3727 638 3782 1..
648 3728 754 3795 Saufeii,
768 3726 862 3801 equitis
873 3728 993 3794 Romani,
1004 3728 1119 3799 aequalis
1130 3730 1230 3801 sui,qui
1244 3748 1303 3784 curn
1317 3749 1348 3785 eo
1360 3731 1505 3803 oomplnres
1516 3747 1612 3797 annm,

485 3825 497 3862 a
510 3807 597 3862 studio
608 3807 700 3863 duetus
711 3807 896 3882 philosophiae,
912 3808 1053 3878 habitabat,
1069 3811 1229 3889 habebitque
1238 3813 1265 3866 in
1279 3813 1353 3866 italia
1366 3814 1489 3884 pretiosas
1505 3829 1613 3883 posses-

485 3889 621 3945 asionesn
651 3890 787 3965 explicitus
804 3892 923 3950 redditur
944 3893 1058 3950 lectione
1074 3895 1253 3952 Lambinianas
1275 3895 1327 3964 Qui
1344 3893 1492 3965 complures
1509 3911 1611 3958 annm,

482 3970 570 4026 studio
585 3971 677 4028 ductus
690 3973 876 4046 philosophiae,
891 3975 1001 4030 Athenis
1017 3975 1122 4032 habitat.
1141 3975 1292 4033 Notandum
1305 3977 1380 4030 enim
1391 3984 1440 4040 est,
1453 3991 1530 4030 voces
1545 3995 1611 4030 enne

482 4073 513 4109 eo
526 4062 571 4108 aut
583 4072 613 4108 eo
624 4065 678 4110 non
692 4056 806 4111 inveniri
821 4056 850 4110 in
866 4056 997 4112 codicibus
1010 4057 1155 4130 primisque
1171 4059 1314 4129 impressis,
1327 4056 1372 4111 sed
1392 4055 1501 4111 adiectas
1517 4075 1577 4111 esse
1595 4077 1613 4112 e

356 4191 369 4216 0
482 4137 639 4204 coniectura,
649 4148 679 4193 ut
691 4138 806 4212 aliquem
830 4156 935 4194 ameum
959 4141 1124 4212 praeberent,
1138 4139 1220 4196 relata
1235 4138 1267 4194 ad
1294 4140 1428 4194 inuans.
1451 4138 1503 4196 Sed
1527 4137 1615 4214 longe

483 4217 576 4276 clarior
591 4229 631 4276 eat
644 4239 744 4287 sensus,
762 4223 858 4279 omisso
869 4241 925 4278 crem
938 4242 978 4290 eo,
990 4224 1091 4281 adiecto
1103 4225 1219 4282 Athenis.
1241 4223 1304 4279 Non
1317 4223 1368 4278 niti
1381 4222 1449 4278 bano
1465 4221 1617 4280 lectionem

483 4303 626 4414 mutatione
639 4321 672 4358 ex
688 4304 793 4362 arbitrio
805 4304 929 4364 Lambini
941 4308 1019 4374 iacta,
1044 4308 1090 4364 aed
1110 4307 1164 4366 fidc
1181 4305 1277 4362 codicis
1292 4307 1404 4380 antiqui,
1428 4303 1515 4364 docuit
1533 4305 1557 4362 l.
1579 4309 1617 4363 F.
