3528 5780
464 529 557 634 4⁰⁰
796 543 851 606 ιο.
887 539 1020 607 nanu.
1055 537 1275 606 sensenna

461 765 514 820 qus
526 763 580 800 non
593 742 630 802 ita
644 741 745 800 dudum
765 743 876 818 lisgrsre
899 737 1011 799 Romani
1033 753 1168 816 coeperant
1190 741 1332 816 cupiditate
1356 741 1468 800 Graeca
1482 739 1589 798 litteras

461 826 617 882 addiscendi.
626 825 719 881 Dicere
729 828 884 882 haecomnia
897 847 941 884 me
956 836 1018 900 puto
1031 823 1166 885 excusandi
1177 827 1263 896 potius
1275 823 1391 878 Cornelii
1401 825 1491 896 gratia,
1500 843 1588 894 pram

460 907 603 964 inaurandi.
618 908 738 964 ldsusisse
754 909 858 964 videtur
874 927 918 966 sua
932 909 1019 964 omnla
1033 909 1061 962 ln
1077 907 1139 962 vitis
1153 905 1289 972 Miltiadis,
1307 904 1499 972 Themistoclis,
1513 907 1583 960 Ari-

461 989 539 1044 stidis
556 998 583 1043 et
599 990 748 1058 Pausaniae,
761 992 788 1045 iu
806 991 901 1062 quibus
917 989 1049 1045 Herodoto
1073 990 1113 1041 uti
1135 987 1268 1060 potuisset,
1290 1005 1305 1040 e
1328 985 1493 1057 scriptoribus
1507 985 1588 1040 nobis

460 1069 608 1142 incognitis,
622 1069 680 1134 sed,
697 1079 726 1124 ut
739 1071 828 1136 eredo,
841 1081 922 1126 aetate
938 1084 1020 1143 seque
1037 1087 1067 1122 ac
1080 1065 1134 1121 tide
1145 1066 1291 1122 meroribus
1299 1065 1441 1122 Herodoto.
1453 1066 1491 1130 Si,
1501 1067 1584 1136 gravi

460 1149 510 1204 boc
523 1161 626 1206 auctore
641 1149 718 1218 lecto,
730 1153 815 1206 sciens
828 1153 860 1206 eh
870 1173 901 1208 eo
913 1152 1082 1214 disaensisset,
1099 1147 1166 1203 haud
1179 1149 1267 1202 minus
1279 1147 1416 1219 iudicasset
1426 1146 1584 1224 dissensum,

460 1251 489 1287 sc
500 1234 599 1288 iactum
612 1229 731 1288 uidemus¹
745 1236 773 1288 in
789 1235 840 1288 sita
853 1233 1047 1298 Themistoclis,
1056 1232 1100 1286 ubi
1111 1229 1146 1284 de
1158 1231 1214 1284 eius
1225 1233 1252 1285 in
1262 1232 1350 1284 Persas
1358 1229 1453 1284 itinere
1463 1227 1585 1301 loqueos,

460 1316 533 1369 aitse
547 1315 634 1387 plures
645 1325 761 1371 auctores
774 1316 875 1388 legisse,
883 1317 927 1372 aed
939 1314 1045 1372 credere
1058 1313 1222 1386 potissimum
1232 1311 1395 1383 Thucydidi,
1418 1309 1487 1382 quod
1499 1320 1583 1366 aetate

461 1397 595 1469 prosimus
606 1408 672 1452 erat.

495 1481 541 1534 lll.
559 1478 643 1534 Credo
656 1479 754 1551 itaque,
762 1479 912 1535 Cornelium
920 1480 1031 1536 multum
1043 1497 1139 1534 errasse
1152 1479 1180 1534 in
1189 1479 1243 1532 vita
1252 1475 1380 1534 Miltiadis
1391 1474 1586 1538 wmutibenda,

463 1579 545 1634 quum
561 1570 677 1616 suctores
690 1561 801 1616 Graecos
817 1571 919 1616 secutus
935 1563 969 1618 slt
982 1562 1068 1616 minus
1084 1562 1242 1632 perspicuos,
1260 1558 1337 1630 longo
1351 1555 1420 1610 sorte
1441 1565 1499 1628 post
1513 1556 1586 1610 Mil-

462 1641 538 1696 tisdis
551 1651 663 1698 aetatem
677 1654 793 1714 tempore
806 1642 938 1700 florentes.
952 1646 1035 1697 Tanta
1052 1652 1091 1698 est
1108 1643 1137 1695 in
1149 1639 1276 1697 Miltiadis
1289 1639 1343 1693 vita
1359 1635 1482 1693 tredendo
1497 1637 1587 1692 diver·

462 1722 535 1789 situs,
548 1723 570 1778 si
583 1723 735 1778 Cornelium
749 1742 899 1796 comparere
916 1723 982 1781 velis
998 1742 1059 1778 cunr
1073 1723 1116 1788 iis,
1128 1740 1194 1795 quae
1210 1721 1364 1784 Herodotus,
1381 1719 1477 1774 lib.1V
1492 1727 1520 1776 et
1539 1721 1585 1784 VI,

464 1809 593 1878 esposuit,
604 1814 634 1860 ut
651 1805 693 1861 sel
706 1807 768 1862 haec
780 1805 833 1860 sola
847 1806 994 1880 disquisitio
1005 1803 1118 1878 amplam
1129 1801 1300 1858 dissertationi
1313 1803 1448 1856 materiam
1460 1801 1588 1872 praebere

465 1890 552 1958 possit.
573 1887 626 1940 Sed
643 1887 700 1957 quis
717 1890 846 1958 preelerre
863 1887 992 1944 dubitabit
1015 1883 1137 1942 Cornelio
1152 1884 1323 1949 Herodotum,
1339 1885 1386 1956 qui
1401 1901 1509 1938 coaeum
1531 1893 1588 1936 esst

465 1968 579 2033 Cimoni,
592 1966 720 2024 Miltiadis
736 1969 801 2037 otio,
813 1971 868 2040 qui,
885 1968 1053 2024 halicarnassi
1076 1976 1160 2031 natus,
1184 1963 1258 2019 nullo
1278 1965 1408 2019 terebatur
1424 1965 1452 2016 iu
1469 1963 1588 2037 aliquam

464 2051 587 2104 Graeciae
599 2049 730 2102 civitatem
748 2059 792 2106 sut
805 2049 933 2104 familiam
946 2051 1059 2122 partium
1076 2048 1172 2115 studio,
1182 2051 1239 2124 qui,
1252 2066 1319 2120 quae
1332 2066 1393 2104 vera
1416 2057 1511 2115 esent,
1531 2050 1588 2103 sci-

465 2131 552 2184 scitari
569 2141 596 2184 et
610 2139 712 2204 poterat
726 2139 751 2184 et
768 2129 882 2196 volebat,
894 2135 941 2202 qui
958 2141 1015 2186 erat
1028 2131 1192 2202 integerrimi
1212 2131 1296 2184 enimi
1317 2129 1447 2202 multique
1472 2128 1587 2195 iudicii,

462 2213 507 2282 qui
525 2211 650 2282 denique,
664 2211 786 2266 audiente
799 2221 826 2266 et
839 2211 1009 2284 applaudente
1022 2220 1073 2266 tota
1085 2211 1203 2277 Graecia,
1215 2209 1339 2284 preelegit
1349 2212 1482 2266 historiam
1495 2229 1588 2266 rerum

462 2294 491 2348 in
504 2295 637 2367 memo*
651 2294 748 2348 recenti
766 2294 944 2350 versantium?

496 2375 543 2430 IV.
558 2371 716 2430 Luculenter
729 2374 817 2430 docrsit
829 2375 984 2440 Herodotus,
997 2375 1157 2439 Miltiadem,
1170 2373 1290 2429 Cimords
1306 2372 1402 2444 iillum,
1417 2374 1488 2429 cuius
1500 2373 1586 2427 vitam

461 2453 599 2509 Cornelius
615 2455 744 2527 esposuit,
757 2474 811 2510 non
825 2458 928 2510 venisse
939 2455 967 2510 iu
983 2455 1183 2523 Chersonesum,
1199 2464 1230 2508 ut
1241 2452 1370 2508 colonium
1381 2453 1587 2508 Atheniensium

461 2536 609 2605 deduceret,
621 2535 666 2592 sed
675 2548 704 2592 ut
716 2555 827 2608 regnum
836 2547 979 2610 espesseret
987 2538 1015 2591 in
1024 2537 1155 2598 Doloucis,
1165 2535 1318 2594 Chersonesi
1331 2536 1472 2590 Thescicse
1480 2534 1587 2602 incolis,

460 2617 635 2675 haereditario
652 2619 725 2688 quasi
742 2621 799 2674 iure
807 2659 818 2685 ,
842 2629 868 2672 et
893 2617 1069 2674 annuentibus
1094 2615 1218 2672 Pisistrati
1243 2617 1314 2680 filiis,
1331 2619 1379 2689 qui
1401 2627 1457 2670 tura
1471 2613 1586 2668 Athenis

460 2700 671 2768 dominabantur·
689 2704 743 2754 lum
760 2703 831 2755 enim
844 2701 970 2755 Pisistrati
987 2711 1014 2756 et
1027 2702 1116 2755 Croesi
1128 2709 1210 2756 aetate
1227 2708 1334 2772 patruus
1345 2696 1465 2754 Miltiadis
1479 2695 1561 2750 huius
1571 2739 1585 2762 ,

459 2781 602 2846 Miltiades,
617 2781 723 2854 Cypseli
740 2781 817 2850 lilius,
829 2783 874 2854 qui
888 2781 990 2855 generis
1006 2782 1133 2852 originem
1148 2781 1180 2834 als
1193 2782 1277 2836 Aeaco
1293 2782 1407 2852 Aeginae
1421 2795 1481 2850 rege
1490 2776 1585 2832 hahe-
1679 2795 1680 2802 ¹

462 2861 516 2934 bat,
529 2863 685 2918 Atheniens
699 2864 803 2920 oraculo
818 2883 834 2916 a
847 2863 974 2920 Doloncis
984 2874 1103 2919 evomtus
1117 2863 1211 2927 iuerat,
1224 2873 1253 2917 ut
1269 2863 1339 2934 ipsos
1353 2869 1462 2936 regeret.
1477 2861 1511 2916 Ei
1523 2863 1585 2934 pri-

461 2965 535 3001 mum
553 2949 582 3000 in
596 2946 750 3002 Chersonesi
761 2947 881 3019 dynastia
892 2951 1012 3003 successit
1023 2947 1180 3018 Stesagoras,
1196 2945 1282 3000 fratris
1298 2948 1417 3002 Cimonis
1430 2944 1506 3009 tilius,
1523 2955 1582 3000 tan-

462 3025 575 3098 demque
588 3026 650 3082 huic
663 3029 798 3082 interiecto
814 3027 881 3082 alter
893 3027 1012 3083 Cimonis
1028 3027 1109 3093 titios,
1127 3037 1215 3082 noster
1230 3023 1370 3090 Miltiades,
1388 3029 1435 3096 qui
1454 3023 1580 3098 usquead
1678 3047 1679 3057 ¹

461 3106 490 3162 id
505 3117 608 3180 tempus
624 3107 735 3161 Athenis
751 3107 921 3173 habitaverat,
940 3118 966 3161 et
982 3125 1090 3163 uaomm
1107 3118 1193 3177 postea
1206 3108 1279 3162 duait
1294 3105 1495 3179 Hegesipylam,
1510 3105 1579 3159 Olori

462 3190 597 3242 Thracum
610 3193 679 3260 regis
693 3189 786 3246 filiam.
799 3192 837 3244 lta
849 3191 997 3245 Herodotus
1020 3209 1061 3245 res
1078 3200 1165 3244 narrat
1180 3188 1227 3244 lib.
1242 3191 1324 3260 V1,p.
1336 3194 1474 3246 ssa-sss
1488 3200 1515 3244 et
1524 3195 1581 3256 tit,

463 3285 496 3320 ea
513 3266 628 3320 editione
645 3285 714 3334 mea,
740 3287 803 3339 quae
820 3273 942 3342 impressa
966 3280 1005 3323 est
1030 3268 1097 3342 apud
1121 3271 1201 3324 Henr.
1224 3270 1386 3342 Stephanum
1410 3289 1479 3324 anno
1506 3273 1581 3321 ⁴5⁹2.

461 3346 609 3402 Consilium
623 3348 749 3404 Miltiadis
765 3351 799 3404 sle
812 3361 891 3422 ponte
903 3351 931 3403 iu
946 3353 1013 3405 lstrn
1025 3352 1132 3405 flumine
1147 3350 1313 3406 dissolvendo
1325 3353 1458 3421 exponitur
1472 3348 1504 3401 ab
1518 3349 1583 3400 He·

459 3426 553 3482 rodoto
578 3429 625 3487 tib.
641 3429 690 3494 lV,
705 3449 733 3502 p.
751 3433 810 3500 3⁰4,
824 3432 869 3486 ubi
885 3431 1017 3499 videmus,
1035 3431 1179 3486 Miltiadem
1196 3434 1330 3488 ”sensisse
1351 3439 1449 3484 tsntunr
1466 3427 1583 3484 consilio

459 3519 486 3565 et
497 3511 620 3584 petitioni
633 3511 800 3583 Scytharum.
817 3513 1006 3568 Chersonesum
1019 3513 1096 3583 paulo
1112 3525 1169 3586 post
1182 3513 1299 3588 reliquit,
1309 3515 1363 3570 sive
1372 3511 1405 3566 oh
1417 3510 1583 3566 incursiones

458 3593 631 3668 Scytharum,
643 3596 708 3659 sive,
723 3595 792 3666 quod
805 3594 964 3668 probabilius
981 3606 1026 3664 est,
1038 3595 1072 3651 ob
1083 3599 1153 3652 Darii
1170 3609 1282 3653 metum.
1295 3597 1348 3654 Sed
1366 3607 1422 3670 post
1437 3597 1582 3651 triennium

459 3678 587 3747 repetitus
604 3687 644 3732 est
659 3697 674 3732 a
691 3677 824 3744 Doloncis,
839 3679 921 3748 iisque
935 3679 1074 3749 imperarit
1089 3679 1172 3734 adbuc
1186 3679 1284 3734 multos
1299 3699 1347 3750 per
1358 3697 1439 3734 anuos
1453 3678 1583 3752 usquead

458 3757 526 3814 illud
543 3769 656 3832 tempus,
670 3779 724 3832 quo
742 3764 816 3815 Ionia
830 3763 927 3816 iterum
941 3761 988 3816 sub
999 3771 1150 3832 potestatem
1163 3762 1235 3816 Darii
1248 3761 1351 3816 redacta
1363 3773 1412 3818 est.
1426 3760 1506 3818 Paulo
1521 3771 1583 3815 ante

458 3839 580 3894 Lemnum
596 3859 730 3912 occupasse
747 3841 859 3909 videtur,
876 3860 955 3914 quam
968 3841 1079 3897 insulam
1091 3861 1144 3897 non
1163 3841 1252 3909 Com,
1264 3842 1310 3896 sed
1322 3843 1434 3916 Pelasgi
1449 3842 1584 3908 tenebant,

458 3930 489 3974 ut
501 3921 644 3977 Herodotus
667 3921 754 3995 prodit
768 3923 814 3978 lib.
830 3928 865 3989 V,
879 3943 903 3995 μ
926 3930 975 3980 3³8
986 3924 1067 3981 etlib.
1080 3925 1127 3993 vt,
1140 3945 1167 3996 p.
1177 3931 1237 3980 433.
1253 3925 1293 3978 De
1303 3943 1393 3996 pugna
1406 3925 1586 3992 Maratheno,

458 4001 492 4056 de
506 4004 579 4058 irritu
592 4008 784 4077 oppugnatione
795 4006 874 4072 Pori,
889 4017 916 4059 et
932 4006 965 4061 de
981 4007 1108 4062 Miltiadis
1120 4008 1279 4064 accusatione
1294 4017 1324 4061 et
1335 4015 1421 4060 morte
1435 4004 1516 4059 molta
1528 4015 1586 4060 tra·

458 4083 556 4140 duntur
572 4085 641 4140 libro
653 4089 689 4144 Vl
705 4086 842 4154 Herodoti,
858 4107 925 4160 quae
939 4086 1016 4158 longe
1029 4089 1121 4142 absunt
1137 4107 1151 4142 a
1165 4089 1280 4143 Cornelii
1300 4088 1457 4142 narratione.
1478 4087 1585 4142 Notaho

458 4174 560 4220 tuntum
578 4167 611 4221 de
627 4185 714 4239 pugna
730 4166 901 4238 Marathonia,
921 4168 990 4240 quod
1008 4169 1059 4224 alio
1088 4167 1146 4224 luco
1166 4169 1241 4224 tradit
1262 4168 1408 4224 Herodotus
1423 4167 1472 4223 lib.
1488 4171 1541 4232 tx,
1560 4189 1588 4240 p.

458 4253 518 4314 ⁵96,
532 4266 648 4320 pugnam
662 4248 810 4303 describens
817 4247 1003 4305 Plstaeeusem.
1016 4251 1155 4306 Contentio
1166 4252 1244 4316 euim¹
1252 4253 1304 4307 suit
1313 4261 1373 4308 ante
1385 4252 1453 4305 hane
1466 4269 1587 4325 pugnam

458 4327 528 4388 inter
543 4329 714 4394 Athenienses
729 4339 758 4392 et
772 4331 908 4409 umore,
931 4333 991 4407 quis
1006 4333 1118 4408 populus
1127 4335 1251 4398 ,alterum
1266 4343 1368 4396 teneret
1378 4351 1469 4392 cornu.
1486 4334 1590 4412 orror
