3398 5640
598 480 834 553 uavsttttar

152 445 217 580 96

151 680 338 792 praelium
369 682 472 789 apud
496 682 679 765 Plataeas.
707 687 877 792 Namque
903 683 977 765 illo
995 682 1095 763 duce
1118 687 1278 767 Mardo-

152 806 252 895 nius,
268 808 282 854 ⁴
301 819 467 908 satrapes
495 807 638 909 regius,
665 808 817 882 natione
834 803 990 898 Medus,
1017 809 1111 905 regis
1137 835 1280 918 gener,

152 924 192 997 in
212 924 342 1028 primis
363 925 528 998 omnium
549 927 749 1000 Persarum
768 942 931 999 etmanu
946 923 1053 1000 fortis
1071 943 1110 1000 et
1128 924 1281 1003 consilii
1315 984 1322 989 .

152 1038 311 1147 plenus,
331 1067 417 1117 cum
436 1040 610 1118 ducentis
638 1039 807 1118 millibus
825 1046 840 1093 ⁵
859 1041 1051 1148 peditum,
1070 1067 1167 1146 quos
1186 1047 1280 1120 viri-

151 1161 218 1235 tim
236 1158 391 1263 legerat,
412 1177 450 1236 et
467 1162 600 1265 viginti
619 1160 786 1236 millibus
805 1161 1102 1264 equitum,haud
1120 1164 1170 1238 ita
1192 1189 1278 1239 ma-

151 1303 225 1380 gna
244 1306 356 1354 manu
371 1281 529 1354 Graecia
543 1278 695 1383 fugatus
711 1296 787 1369 est3
806 1305 928 1382 eoque
946 1282 1026 1383 ipse
1040 1278 1119 1356 dux
1136 1279 1281 1359 cecidit

150 1396 308 1501 praelio.
321 1400 403 1494 Qua
422 1400 580 1477 victoria
595 1397 738 1488 elatus,
756 1397 918 1499 plurima
936 1401 1093 1476 miscere
1104 1401 1243 1502 coepit,
1262 1404 1279 1451 ⁶

188 1661 230 1727 (t)
248 1654 472 1719 Mardontmetc.
486 1653 688 1710 Gobriaefiliua.
740 1653 900 1707 Plataeenaea
930 1655 1020 1709 missas
1049 1657 1146 1712 sembit.
1168 1659 1224 1712 Boe.
1246 1687 1280 1701 -

152 1742 220 1799 Vide
228 1739 355 1794 Herodot.
368 1742 414 1805 Vt,
428 1747 471 1807 435
483 1740 592 1795 Pauaan.
607 1741 652 1803 tx,
666 1750 688 1793 t.
743 1739 811 1809 Quor
824 1740 921 1792 uiritim
931 1739 1036 1809 legerat.
1044 1743 1084 1795 De
1093 1754 1168 1795 mora
1180 1744 1283 1796 Roma-

152 1857 187 1873 ·-
202 1828 331 1896 Satrapes.
344 1825 442 1879 Persica
460 1844 517 1879 voa:
535 1826 571 1878 aio
585 1824 689 1895 provin·
743 1841 849 1885 norum,
866 1824 968 1895 quovit
979 1825 1067 1880 uirum
1080 1827 1195 1898 legebat,
1206 1825 1283 1898 plura

152 1913 249 1967 ciarum
267 1911 419 1965 dicebantur
431 1909 498 1982 apud
515 1911 602 1964 Persae
612 1927 687 1979 prae-
741 1905 873 1959 Victorius
885 1907 1124 1976 Varr.lectt.XV1,
1139 1917 1181 1974 ⁴9,
1191 1920 1218 1965 et
1235 1910 1283 1964 alii

143 1995 231 2067 seori,
246 1995 387 2070 σατράπαι.
405 1993 449 2047 ste
474 2004 500 2048 at
521 1992 589 2063 apud
612 1993 689 2047 lodoa
743 1989 902 2045 indicabunt.
918 1993 966 2046 Hic
986 2002 1090 2048 tantum
1110 1994 1144 2050 de
1163 1992 1283 2049 militum

153 2079 305 2154 Meudrpat.
320 2107 354 2122 ·-
371 2077 449 2148 Regia
466 2095 554 2148 gener.
578 2081 690 2133 Artaaa-

152 2172 243 2230 atrnm,
261 2163 332 2217 Darii
349 2165 442 2223 tiliam,
453 2162 546 2217 Xerxis
562 2180 689 2225 aurorem,

152 2247 266 2304 duxerat.
280 2248 377 2303 Merod.
391 2249 440 2312 vt,
453 2254 496 2303 4³.
512 2247 540 2300 si
558 2246 638 2318 igitur
650 2265 692 2299 re-

151 2333 193 2406 gia
206 2331 239 2384 ad
250 2333 356 2386 Darium
374 2330 478 2394 releraa,
490 2348 609 2400 guterrem
626 2347 688 2399 pro-

153 2417 211 2490 prie
225 2425 252 2470 et
271 2435 334 2472 vere
351 2414 426 2485 dixit,
444 2415 485 2469 ain
506 2414 540 2468 ad
556 2415 688 2479 Xerxem,

153 2500 225 2574 quod
238 2517 293 2556 uon
306 2500 456 2566 eberardum,
469 2495 690 2562 latiuaiutelleait,

151 2583 223 2639 utiio
232 2584 337 2638 Graecia
346 2581 472 2654 γαμὸρὸς,
487 2578 621 2646 κηδεστὴς,
635 2599 689 2654 quo

152 2666 259 2720 nomine
276 2675 302 2720 et
319 2663 423 2737 ἀνεψιᾶς
436 2667 529 2723 Xerxis
546 2675 653 2720 vocatur
674 2683 688 2718 a

151 2750 268 2805 Diodoro
281 2751 328 2816 Xl,
342 2763 367 2806 t.
398 2751 500 2822 Nempe
512 2771 590 2822 gener
607 2769 621 2804 a
638 2752 686 2803 La·

152 2836 214 2891 tinia
227 2839 321 2907 paaainr
335 2837 416 2891 etiam
431 2837 452 2890 ia
471 2836 574 2903 dicitur,
587 2838 634 2910 qui
650 2855 689 2890 eo

149 2921 215 2973 roris
226 2922 345 2972 maritus.
359 2923 465 2973 Tau-
481 2919 513 2972 In
529 2925 619 2991 primia
632 2940 689 2974 om·

149 3006 219 3058 nium
233 3003 372 3057 Persarum
390 3017 414 3056 et
433 3006 604 3075 manufortis.
623 3006 649 3057 lt.
664 3025 687 3058 o.

742 2074 1023 2144 praestantissimorum
1037 2075 1138 2131 delectu
1151 2078 1283 2149 agitur.-

742 2156 821 2210 Heud
837 2161 873 2211 ita
885 2176 982 2228 magua
997 2179 1084 2217 manu.
1092 2162 1205 2215 Centum
1218 2161 1283 2215 mil·

741 2240 809 2296 libus
826 2243 974 2310 hominum,
990 2244 1096 2300 Diodor.
1110 2247 1129 2301 l.
1146 2268 1181 2310 a..
1200 2249 1283 2304 lueti-

742 2344 790 2381 nua
810 2329 846 2391 11,
862 2333 902 2382 tt.
918 2328 965 2380 CX
979 2328 1061 2383 millia
1072 2331 1152 2385 refert
1162 2331 1284 2387 Herodo-

742 2420 792 2464 tua.
808 2408 893 2465 Multo
913 2412 1049 2482 pauciorea
1072 2416 1171 2470 Cteaiaa
1187 2415 1284 2471 haber:
1354 2468 1361 2479 ,

741 2496 777 2550 ait
789 2497 871 2561 enim,
886 2516 897 2548 a
910 2498 1047 2555 Mardonia
1060 2503 1201 2556 ooeurrim
1214 2504 1284 2557 Pau·

740 2582 837 2634 uniam
854 2582 917 2635 CCC
934 2591 1067 2652 spartanos
1082 2595 1112 2639 et
1125 2586 1162 2639 M.
1173 2585 1285 2654 accolae,

741 2684 774 2719 ex
787 2665 897 2738 aliisque
914 2665 1020 2722 urbibua
1030 2687 1075 2722 aea
1087 2668 1172 2724 millia
1189 2689 1283 2726 aecum

741 2750 910 2805 dueentem·
929 2753 984 2804 Boa
995 2779 1025 2793 -
1042 2754 1133 2826 quue
1152 2760 1207 2825 ipae
1227 2757 1283 2811 dut

740 2836 833 2888 recidit
845 2837 954 2904 proelio.
967 2835 1065 2907 Lepide
1081 2839 1148 2892 ietua
1165 2839 1197 2891 ab
1216 2842 1284 2896 Ari·

741 2925 843 2969 remeato
856 2915 971 2990 quodam
982 2920 1116 2988 Spartano,
1123 2927 1152 2971 ut
1166 2919 1283 2976 aitd’lut.

741 2998 972 3054 intraremus
988 3010 1089 3064 umen,
1106 3001 1281 3060 Mardonium

151 3091 220 3144 lnter
238 3107 329 3143 omnes
346 3092 435 3142 Peraaa
454 3092 588 3158 praeopta
606 3088 687 3141 sortia.

152 3177 188 3229 lta
208 3174 235 3228 iu
256 3175 385 3228 Themiat.
411 3175 457 3228 tx:
479 3173 689 3228 aThemiatocles
740 3185 827 3232 11111111,
845 3187 928 3240 quum
945 3170 977 3222 ad
991 3168 1120 3242 Apollini·
1134 3170 1228 3228 aedem
1238 3175 1285 3230 di·

150 3259 212 3310 reni
226 3255 259 3310 ad
268 3256 356 3326 te,qui
369 3255 481 3327 plurima
494 3255 561 3309 mala
569 3258 689 3310 omnium
740 3253 886 3325 ripiendam
902 3255 998 3309 missua>
1009 3265 1085 3320 esset,
1094 3257 1222 3330 grandine
1233 3281 1285 3333 op·

149 3334 290 3391 Graiorum
310 3337 336 3389 in
363 3337 472 3391 domum
491 3345 560 3389 tuam
579 3336 687 3392 intuli·
741 3358 857 3410 pressum
871 3340 977 3408 periisse
988 3348 1082 3396 narrat.
1090 3343 1204 3397 lustinus
1218 3365 1284 3416 quo·

150 3449 185 3464 ·-
204 3421 241 3475 Et
257 3424 357 3476 mortitii
379 3423 476 3494 planen.
502 3424 532 3475 ln
551 3442 582 3474 eo
601 3431 688 3474 tamen
741 3443 805 3496 que,
824 3424 861 3489 11,
875 3431 916 3476 tt:
934 3425 1043 3478 aVictua
1058 3426 1220 3492 Mardonius,
1235 3451 1284 3485 ve·

149 3505 210 3578 plus
223 3506 355 3572 audaciae,
365 3526 446 3580 quam
460 3506 612 3579 prudentiae
625 3506 687 3560 luis·
739 3507 787 3561 luti
802 3527 833 3561 ex
846 3508 989 3579 nauiragio,
1006 3525 1068 3562 eum
1081 3513 1170 3582 paucis
1187 3514 1280 3584 prolu-

149 3609 187 3655 ae,
202 3602 308 3645 testatur
322 3592 417 3648 Herod.
430 3595 457 3647 in
469 3582 591 3664 Calliope.
738 3593 808 3665 gite

183 3680 228 3745 (5)
248 3676 311 3732 om
326 3681 439 3732 dumus
451 3678 572 3733 millibus.
590 3676 687 3731 Herod.
773 3683 816 3746 (6)
833 3678 1051 3749 Elatus,th
1068 3686 1178 3737 aalma
1189 3687 1282 3755 eoepit.

149 3758 467 3828 mammotrectus,
484 3761 609 3828 Aristide,
620 3761 688 3814 CCC
740 3766 770 3816 ln
783 3763 930 3834 auperbiam
951 3764 1101 3829 concitatus,
1119 3766 1203 3820 multa
1220 3778 1285 3823 tur-

148 3847 287 3900 resarum
311 3848 394 3903 millia
418 3860 568 3914 nummu
593 3845 689 3920 quibus
741 3846 801 3899 bare
825 3865 958 3919 aggressus
981 3858 1028 3902 eat.
1052 3850 1168 3904 Mirm
1191 3860 1284 3909 autem

148 3931 296 3988 Herodotus
329 3938 352 3988 L
380 3935 467 3989 millia
494 3935 688 3989 auxiliariorum
741 3931 852 3984 verbum
869 3931 901 3984 de
914 3931 1083 3988 seditionibus
1099 3946 1161 4007 apte
1171 3954 1284 4008 ιιωιμ.

147 4015 306 4070 flmmeum
324 4017 404 4073 addit.
417 4017 526 4072 Diodor.
540 4015 620 4070 Sicul.
638 4017 686 4078 xl,
741 4027 804 4070 tum
821 4018 911 4069 Cicero
929 4019 956 4070 in
969 4019 1025 4072 Cat.
1039 4019 1121 4082 tm:
1138 4023 1284 4092 aEgoana·

148 4100 343 4154 mexercitum
367 4102 497 4156 Mardonii
515 4104 688 4161 uniuersum,
740 4118 823 4172 gnum
841 4101 868 4151 in
885 4099 1014 4170 republica
1025 4101 1154 4168 furorem,
1170 4114 1197 4157 et
1211 4124 1283 4161 nora

148 4181 223 4236 aeds
241 4188 426 4252 adamantis,
449 4184 595 4240 eonatitiaae
614 4181 688 4254 quasi
740 4180 866 4256 quaedam
892 4185 999 4247 marari,
1014 4193 1042 4237 et
1057 4186 1185 4240 maritari
1209 4186 1280 4243 mala

147 4265 688 4330 omittamuuaaxuunumnodo
740 4269 794 4325 tan
823 4264 927 4342 pridem
951 4266 1105 4328 ridebam·
1133 4274 1282 4332 armona

147 4351 279 4420 'yffln
309 4373 372 4412 t-
396 4355 537 4414 bdnio
563 4353 689 4412 adm

741 3082 904 3137 vulneratum
919 3085 1054 3158 aufugisse,
1074 3095 1101 3139 et
1124 3095 1215 3158 poetea
1228 3088 1285 3144 de·
1381 3149 1382 3153 ,
