3660 5740
545 505 578 598 8
900 527 1084 596 rantum
1120 531 1319 596 sommus

543 736 603 816 vel
627 718 844 814 subobscuii
861 751 899 816 et
912 737 1076 846 perplexi
1089 735 1316 835 videbantur,
1331 735 1390 814 vel
1407 734 1668 816 nimia·ernen-·

543 853 734 931 dationum
759 854 907 932 andacia
933 855 1075 952 vexati,
1118 881 1140 928 a
1165 853 1346 932 veteribus
1376 855 1508 930 nostris
1534 855 1666 934 biblio-

543 972 668 1048 thecae
710 970 920 1050 Parisionsis
959 970 1145 1048 codicibus
1188 971 1429 1082 (praesertim
1471 999 1508 1048 n.
1555 975 1666 1077 5857,

544 1088 645 1187 6143
660 1092 694 1188 ),
737 1089 795 1167 vel
833 1089 879 1164 ab
905 1088 1053 1193 optimis
1079 1087 1298 1163 Batavorum
1325 1087 1666 1195 Germanorumque

543 1205 684 1309 scriptis
710 1218 775 1282 aut
797 1197 905 1282 'editis
944 1205 1067 1304 libris,
1110 1201 1284 1284 auxillum
1322 1219 1359 1284 et
1383 1207 1504 1286 lucem
1530 1221 1665 1288 attenta

543 1323 808 1428 comparatione
833 1323 989 1404 mutuati
1016 1348 1154 1402 sumus.

593 1571 719 1650 Varias
746 1599 834 1651 vero
871 1575 1068 1676 lectiones,
1107 1573 1244 1682 quippe
1283 1599 1376 1678 quae
1406 1576 1503 1652 solae
1529 1576 1666 1653 iustum

536 1691 711 1798 ,volumen
738 1692 889 1798 implere
922 1707 1090 1798 possent,
1116 1693 1300 1770 universas
1327 1691 1435 1770 edere
1461 1722 1577 1798 quum
1602 1721 1666 1798 pe·

541 1833 606 1886 nes
632 1836 701 1886 nos
726 1836 801 1886 non
828 1821 940 1910 esset,
985 1812 1091 1888 certis
1116 1809 1251 1884 finibus
1278 1811 1581 1914 circumscriptos,
1606 1841 1665 1888 eas

542 1938 685 2001 tantum
711 1925 909 2028 delegimus
935 1926 1228 2004 annotationibus
1244 1926 1549 2026 intermiscendas,
1575 1954 1664 2032 qaas

543 2043 739 2122 sententiae
765 2045 830 2144 vis,
855 2046 1093 2149 antiquitasve
1118 2043 1202 2120 libri
1228 2041 1515 2140 commendabat,
1532 2069 1661 2148 'neque

542 2157 634 2238 adeo
660 2159 886 2260 scribarum,
914 2165 1003 2248 ,sive
1043 2187 1236 2267 operarum
1262 2159 1445 2237 erroribus
1470 2160 1554 2237 binc
1580 2160 1664 2240 iude

547 2273 754 2376 colligendis
779 2275 1039 2354 insudavimus.

593 2509 763 2588 Deiectus
808 2536 957 2615 quoque
993 2511 1181 2590 habendus
1222 2512 1293 2590 suit
1326 2514 1366 2590 iu
1396 2515 1666 2591 commentario.

542 2624 651 2702 Multi
676 2628 776 2704 enim
813 2630 1024 2732 explicanda
1059 2645 1289 2736 praetereunt
1302 2691 1314 2730 ,
1356 2632 1395 2706 in
1433 2632 1666 2736 supervacuis

541 2743 795 2822 immorantur.
847 2745 947 2822 Dum
981 2745 1157 2826 elementa
1191 2760 1227 2824 et
1258 2747 1411 2852 syllabas
1438 2749 1667 2847 examinant,

543 2886 659 2940 annus
685 2873 752 2938 est.
777 2864 866 2957 Noe,
888 2866 1104 2966 perspicuae
1128 2863 1313 2938 brevitatis
1332 2863 1496 2960 studiosi,
1522 2863 1668 2965 optimis

543 2974 737 3052 Variorum
762 2979 858 3053 uotis
885 2992 921 3052 et
947 2978 1097 3077 criticis,
1125 2991 1186 3074 et,
1213 3005 1305 3080 quae
1330 2976 1435 3054 valde
1460 2991 1668 3082 praestant,

542 3092 734 3192 historicis,
760 3122 871 3171 novas
888 3094 1012 3198 plures
1032 3093 1250 3169 addidimus.
1269 3097 1391 3195 Atque
1409 3093 1468 3168 hic
1484 3093 1669 3196 piaculum

529 3223 637 3284 ‘esset
662 3238 737 3286 non
762 3209 878 3307 lateri,
904 3223 1040 3314 quanto
1066 3208 1170 3286 nobis
1197 3209 1407 3286 adiumento
1431 3207 1566 3284 suerint
1592 3210 1669 3285 edi-

541 3337 640 3402 tores
667 3325 820 3430 Nepotis
848 3328 1077 3426 recentiores,
1102 3327 1133 3402 I.
1161 3325 1263 3408 Frid.
1290 3325 1448 3418 Fischer,
1475 3325 1547 3401 Th.
1577 3325 1666 3402 Chr.

544 3439 762 3539 Harless,'F
764 3469 792 3518 r.
820 3441 1041 3540 Schmieder,
1065 3441 1109 3519 F.
1136 3443 1181 3518 R.
1199 3440 1370 3540 Richless,
1390 3440 1479 3520 Chr.
1505 3441 1552 3520 H.
1571 3442 1669 3518 Pau·

543 3555 621 3657 fler,
648 3572 758 3661 atque
784 3560 974 3662 inprimis
1000 3562 1055 3636 vir
1081 3560 1234 3638 diffusae
1261 3560 1445 3636 doctrinae
1464 3561 1605 3664 plenus,
1630 3575 1669 3638 ct

542 3701 691 3748 rerum,
713 3678 1025 3774 grammaticarum
1071 3677 1379 3775 studiosissimus,
1425 3675 1506 3753 Car.
1552 3677 1666 3755 Henr.

545 3788 784 3890 Tzschochc,
818 3795 879 3870 cui
914 3806 1091 3897 quantum
1118 3792 1313 3868 debeamus
1337 3793 1415 3896 ipse
1440 3792 1532 3868 liber
1556 3791 1668 3869 fidem
1747 3811 1751 3816 '

543 3904 660 3984 saciet.
687 3907 824 3988 Paucas
851 3912 959 3986 etiam
978 3909 1078 3988 Guil.
1107 3909 1220 3989 Henr.
1247 3909 1384 3986 Bardili
1409 3925 1523 4009 notas,
1550 3939 1668 4015 quum

545 4023 754 4102 Staveriana
780 4026 891 4103 editio
918 4056 938 4102 a
964 4027 1010 4102 V.
1036 4026 1078 4102 C.
1107 4027 1314 4131 recognita,
1358 4054 1467 4132 opere
1497 4027 1568 4103 hoc
1592 4025 1667 4105 sere

544 4139 735 4243 absoluto,
773 4142 996 4244 Stutgardiae
1020 4143 1239 4247 prodiisset,
1281 4147 1375 4220 inter
1406 4142 1593 4220 Excursus
1619 4141 1667 4218 ad

545 4258 737 4336 voluminis
763 4257 875 4336 finem
899 4261 1099 4339 reiecimas.
1146 4259 1259 4361 Quin,
1292 4261 1429 4365 priscae
1454 4259 1666 4338 eruditionis

545 4390 757 4487 apparatum
783 4406 857 4462 noo
883 4379 1045 4460 sufficere
1070 4381 1126 4462 his
1153 4379 1377 4490 temporibus
1398 4377 1571 4481 arbitrati,
1590 4403 1664 4460 nou
