3414 5796
630 453 852 520 uautunan
1208 463 1304 560 297

192 663 364 770 quinque
376 659 532 740 navibus
559 657 725 738 Africam
745 662 913 755 accessit,
935 669 946 716 ⁴
967 661 1008 736 in
1026 659 1166 742 finibus
1184 667 1313 773 Cyre-¹

191 807 385 872 nasorum,
404 781 433 856 si
448 779 547 856 forte
560 778 883 882 Carthaginienses
897 781 943 858 ad
962 778 1116 874 bellum,
1134 781 1310 862 Antiochi

192 923 260 1004 spe
283 896 510 999 fiduciaque,
535 893 720 972 inducere
749 915 896 1004 possets
916 900 980 974 cui
1006 899 1078 974 iarn
1105 925 1305 1002 persuase-

191 1031 265 1108 rat,
285 1033 326 1096 ut
338 1041 426 1092 cnm
439 1015 666 1092 exercitibus
675 1017 716 1091 in
725 1013 870 1092 Italiam
889 1015 1203 1121 proficisceretur.
1223 1020 1309 1098 Huc

191 1137 388 1238 Magonem
413 1133 570 1210 fratrem
584 1136 757 1214 excivit²
776 1133 820 1210 ld
839 1135 906 1212 ubi
918 1137 1037 1211 Poeni
1056 1138 1307 1234 resciverunt,

191 1260 384 1354 Magonem
410 1252 554 1344 eadem,
579 1281 657 1358 qua
672 1253 842 1348 fratrem,
871 1257 1062 1336 absentem
1088 1284 1215 1364 poena
1242 1259 1301 1335 af-

191 1371 370 1448 fecerunt.
389 1367 464 1463 Illi,
492 1372 697 1476 desperatis
723 1371 848 1463 rebus,
876 1399 992 1476 quom
1020 1373 1218 1454 solvissent
1235 1403 1306 1454 na-

191 1492 304 1585 ves,³
323 1514 364 1566 ac
397 1484 479 1564 vela
506 1490 627 1566 ventis
654 1487 844 1566 dedissent
853 1519 863 1582 ;
889 1490 1078 1568 Hannibal
1106 1492 1154 1569 ad
1178 1497 1311 1574 Antio·

192 1605 306 1682 chum
332 1607 519 1709 pervenit.
538 1605 603 1682 ·De
613 1607 784 1711 Magonis
803 1610 960 1684 interitu
979 1607 1120 1716 duplex
1132 1617 1311 1691 memoria

190 1724 339 1828 prodita
351 1727 447 1798 cst.⁴
464 1725 638 1829 Namque
647 1722 712 1800 alii
730 1727 944 1830 naufragio,
953 1726 1015 1802 alii
1035 1731 1185 1806 aservis
1195 1734 1309 1836 ipsius

191 1837 461 1917 interfectnm⁵
480 1866 589 1933 eum,
614 1843 797 1948 scriptum
823 1840 1076 1947 reliquerunt.
1103 1843 1311 1924 Antiochus

191 1973 329 2056 autem,
355 1958 480 2034 sium
507 1961 548 2035 in
566 1959 713 2064 agendo
727 1957 857 2036 bello6
876 1986 1009 2063 parere
1028 1959 1207 2041 voluisset
1223 1991 1313 2044 con·

226 2205 725 2285 (t)Asrieanroeoersit.LiviusXXXli',
775 2209 853 2264 etiam
862 2210 971 2268 diversis
983 2209 1149 2266 substantivis
1161 2229 1239 2278 nexu,
1253 2229 1312 2284 pro·

192 2296 237 2356 ot,
250 2292 297 2360 inc
309 2295 454 2368 etAppian.
466 2294 499 2350 de
511 2295 586 2352 rebus
599 2295 724 2368 Syriacis,
774 2296 831 2364 pins
847 2303 981 2365 spectatur.
996 2297 1039 2350 Sic
1052 2295 1080 2348 in
1096 2294 1272 2367 Thrasybulo,
1286 2313 1312 2352 c.

189 2393 214 2430 c.
229 2381 255 2441 8,
270 2377 318 2446 in.,
328 2387 428 2436 tontutn
441 2378 513 2434 abest
525 2391 553 2436 ut
565 2382 592 2434 in
606 2381 725 2434 hacnm·
772 2377 821 2432 lVa
840 2375 934 2447 uQuod
959 2397 1032 2433 amor
1058 2377 1167 2446 civium,
1190 2398 1243 2433 non
1270 2381 1311 2435 sis

188 2459 295 2514 rationis
307 2472 377 2534 parta
393 2464 572 2532 asentiantur,
583 2472 612 2518 ut
628 2482 662 2516 ne
676 2463 721 2519 lit·
773 2465 958 2531 expresserant
976 2465 1038 2516 Tae.

188 2553 256 2600 tersa
269 2544 377 2618 quidem
397 2546 445 2600 bac
462 2545 495 2599 de
514 2565 589 2602 caum
609 2547 722 2600 scribere
806 2546 851 2614 (6)
865 2544 976 2615 Agenda
995 2544 1069 2598 bello.
1086 2545 1172 2615 Agere
1189 2542 1308 2612 bellum,

188 2646 251 2683 eum
267 2649 357 2684 ausum
366 2631 506 2703 affirmare
520 2631 564 2686 scd
574 2632 722 2686 Aristonem
772 2644 819 2698 pro
832 2644 931 2700 gerere,
944 2627 1032 2681 dixere
1046 2628 1125 2680 etiem
1142 2627 1244 2692 Cessat,
1259 2629 1310 2682 Ll-

187 2711 327 2784 quemdam
334 2731 394 2768 curn
402 2713 532 2768 mandatis
540 2714 721 2786 cathaginem
772 2709 841 2773 vius,
857 2707 970 2776 Curtius,
985 2708 1052 2763 sicut
1063 2706 1109 2762 alii
1118 2726 1208 2779 paoem
1222 2726 1308 2780 were,

186 2799 294 2854 misisse.
312 2797 383 2853 Alios
397 2798 475 2870 igitur
488 2800 583 2864 fontes,
592 2797 670 2854 hodie
682 2799 721 2852 in·
771 2802 800 2847 ct
812 2792 906 2848 Graeci
922 2793 997 2864 oyen
1011 2793 1132 2862 silanos,
1142 2793 1261 2865 ι’ὶρὴιην,
1271 2813 1312 2866 φι-

186 2883 310 2953 cognitos,
334 2881 426 2938 adiisse
442 2891 468 2937 et
481 2881 626 2938 adhibuisse
643 2881 719 2937 vide·
741 2889 743 2894 ’
771 2879 836 2932 tter.
853 2879 911 2932 lmo
930 2896 1005 2950 agere
1024 2896 1071 2949 pro
1098 2896 1199 2948 regere,
1220 2879 1309 2932 admi-

186 2971 240 3030 tur,
254 2965 282 3018 ni
295 2963 418 3038 blagbncs
428 2965 542 3020 miscuit.
564 2969 624 3020 Tzs.
634 2997 664 3008 -
673 2964 721 3020 Cui
771 2963 889 3027 nistrare,
905 2964 968 3033 poni
984 2964 1080 3031 passim
1097 2960 1252 3018 ostenditur.
1259 2962 1308 3016 llic

185 3049 239 3102 iem
250 3063 412 3120 permutem,
436 3064 462 3104 ut
484 3069 540 3104 arm
559 3051 720 3116 eemitihus,

186 3142 234 3188 eto.
251 3133 324 3187 idam
339 3143 445 3194 testatur
458 3137 521 3188 lust.
537 3135 634 3202 XXXl,
648 3139 673 3189 t.

217 3218 262 3286 (2)
275 3217 387 3273 Excivit.
400 3216 556 3283 Advooarit,
574 3217 711 3272 artemisii.

219 3301 264 3370 (3)
278 3299 412 3356 Solvism
428 3320 513 3356 nores.
529 3303 552 3354 Ε
571 3310 648 3372 portu
664 3301 719 3356 sci-

124 3447 127 3452 ,
186 3384 501 3440 licet-onslauemia
512 3385 647 3440 dedissent.
657 3387 720 3439 Pos-

186 3471 236 3524 tica
248 3467 353 3524 locutios
367 3472 483 3542 provecti
494 3471 522 3524 in
534 3469 625 3524 altum.

219 3555 261 3624 (4)
279 3555 384 3626 Duplu
408 3559 530 3610 motoria
549 3555 651 3626 prodita
673 3565 719 3606 est.

186 3639 276 3692 Rarior
281 3638 551 3709 forma.quucntius
563 3637 718 3691 memoriani

186 3724 225 3778 rei
237 3723 346 3794 posteris
362 3722 473 3788 uadem,
490 3722 607 3796 prodere
619 3725 658 3775 lta
676 3730 717 3773 tn·

187 3826 247 3864 men
263 3809 345 3862 etiarn
361 3809 461 3875 Caeam,
478 3807 511 3862 de
528 3810 557 3860 B.
574 3807 609 3864 G.
626 3808 648 3870 1,
668 3813 717 3872 ts,

186 3903 269 3962 extr.;
285 3893 386 3948 Gellius
403 3901 445 3960 49,
467 3894 505 3948 in.
522 3897 583 3948 Tm.
595 3893 717 3946 Ceterum

185 3979 217 4036 de
230 3979 348 4054 hingonis
364 3989 449 4036 morte
467 3978 537 4044 vide,
559 3995 623 4048 quae
642 3994 717 4047 supra

185 4067 235 4122 Vll
247 4067 401 4124 notavimus.

216 4152 260 4219 (5)
274 4151 447 4224 transetum.
461 4151 512 4206 Per
521 4167 639 4224 zeugma.
648 4148 716 4202 Nau·

185 4235 267 4306 lragio
279 4237 351 4292 enim
363 4236 474 4294 interfici
485 4237 599 4294 insolens
612 4235 717 4294 locutio.-

186 4315 295 4391 Nempe,
311 4319 340 4377 in
358 4320 435 4378 unius
449 4320 521 4378 serbi
541 4339 600 4378 cum
617 4319 716 4378 duobus

770 3065 833 3102 vero
846 3047 947 3118 agendo
958 3047 1190 3111 continuationem,
1200 3057 1231 3101 ut
1241 3047 1308 3102 inira

768 3131 926 3200 suscipiendo
945 3129 1049 3184 initium
1074 3129 1138 3184 belli
1160 3139 1307 3202 spectat.-

769 3215 867 3270 Pnrere
876 3217 990 3270 solidaret
1003 3217 1113 3270 consiliis
1123 3218 1182 3270 etus.
1196 3218 1307 3271 Senten·

770 3304 806 3358 tta
816 3304 887 3355 eninr
898 3301 1049 3356 Hannibalis
1060 3321 1112 3356 una
1123 3311 1201 3374 atque
1214 3301 1307 3355 eadem

769 3405 874 3459 unipes
890 3397 957 3453 crat,
971 3397 1001 3442 ut
1018 3388 1044 3441 in
1059 3388 1131 3442 ltalia
1145 3387 1246 3442 bellurn
1258 3405 1305 3461 ge·

769 3482 880 3528 teretur.
889 3473 958 3527 Vide
967 3472 1071 3528 Livium
1083 3471 1202 3543 xxxin
1215 3472 1306 3528 lustin.

769 3557 867 3624 xxx1,
882 3565 906 3613 3.
915 3559 968 3611 Cur
981 3567 1066 3611 autern
1080 3554 1231 3610 Hannibalis
1242 3573 1305 3609 oon·

768 3641 826 3696 silio
843 3633 895 3698 non
907 3642 1024 3714 paruerit
1035 3639 1187 3707 Antiochus,
1202 3641 1237 3692 ita
1253 3638 1303 3691 do-

768 3736 810 3780 cet
822 3728 884 3780 lust.
902 3727 1002 3792 XXXI,
1019 3734 1044 3781 δι
1064 3724 1149 3778 uHuio
1162 3723 1305 3778 sententiae

767 3810 951 3863 obtrectatores
967 3810 1046 3870 amici
1063 3811 1133 3883 regis
1151 3818 1235 3876 erant3
1251 3824 1304 3860 non

768 3891 909 3949 utilitatem
923 3897 962 3950 rei
974 3895 1126 3968 cogitantes,
1140 3893 1186 3950 aed
1207 3910 1303 3946 veren-

768 3987 806 4033 tes
819 3997 865 4044 ne,
879 3978 988 4050 probato
1000 3977 1179 4044 consiliosius,
1189 3976 1304 4050 primum

768 4062 835 4138 apud
849 4081 936 4136 regem
953 4063 1038 4118 locum
1052 4064 1148 4136 gratiae
1159 4071 1309 4134 occuparet.

769 4149 804 4202 Et
814 4146 941 4202 Antiocho
954 4166 1006 4201 non
1017 4157 1071 4202 tant
1080 4145 1214 4202 consilium
1225 4164 1302 4216 quam

767 4241 854 4287 auctor
864 4229 1025 4332 distrlioebat,
1035 4249 1069 4285 ne
1079 4229 1162 4304 gloria
1169 4231 1304 4293 victoriae,

766 4314 926 4386 Henntbtlts,
940 4335 994 4373 non
1007 4334 1060 4386 atta,
1075 4321 1149 4374 meet.
1158 4335 1170 4370 ιι
1184 4345 1216 4362 ·-
1230 4313 1303 4378 Pro-
